=LDR  02329cas a22006017a 4500
=001  013005314
=003  Uk
=005  20230930080707.0
=006  m\\\\\\\\d\|\\\\\\
=007  cr||||||||||||
=008  041004c20059999enk\x\\\s\\\\\0\\\a0eng\\
=FMT  \\$a  SE
=022  0\$a1745-3704$202
=040  \\$aUk$beng$cUk
=042  \\$aissnuk
=222  \0$aActa orthopaedica. Supplementum$b(Online)
=245  00$aActa orthopaedica.$pSupplementum.
=260  \\$aBasingstoke :$bTaylor & Francis.
=336  \\$atext$2rdacontent
=337  \\$acomputer$2rdamedia
=338  \\$aonline resource$2rdacarrier
=540  \\$aCurrent copyright fee: zero$c2\0$5Uk
=776  0\$tActa orthopaedica. Supplementum$c(Print)$x1745-3690
=772  0\$tActa orthopaedica$c(Online)$x1745-3682
=856  \\$31850-9999$uhttp://www.tandfonline.com/$xBLDSS
=856  40$ahttp://journalsonline.tandf.co.uk/app/home/journal.asp?wasp=6b2dc6f5915746588d1bb345dc6a6e81&referrer=parent&backto=searchpublicationsresults,1,2;homemain,1,1;
=945  \\$aActa orthopaedica supplementum
=979  \\$aBritish Library$bDSC$j0642.110000
=CAT  \\$a11316$b40$c20041004$lBLL01$h0914
=CAT  \\$a11316$b40$c20041015$lBLL01$h1359
=CAT  \\$a6537$b40$c20050708$lBLL01$h0915
=CAT  \\$a6537$b40$c20050708$lBLL01$h1018
=CAT  \\$a3072$b40$c20051130$lBLL01$h1337
=CAT  \\$a5552$b40$c20160304$lBLL01$h0845
=CAT  \\$aBLDSS-3PM$b00$c20160308$lBLL01$h0937
=CAT  \\$aBATCH-UPD$b00$c20160413$lBLL01$h1819
=CAT  \\$a5552$b40$c20160923$lBLL01$h1309
=CAT  \\$a5410$b40$c20220530$lBLL01$h1246
=CAT  \\$a10973$b40$c20220606$lBLL01$h0953
=CAT  \\$a5410$b40$c20220608$lBLL01$h2002
=CAT  \\$a5410$b40$c20220612$lBLL01$h1221
=CAT  \\$a5410$b40$c20220612$lBLL01$h1222
=CAT  \\$aR2308-1440$c20230824$lBLL01$h0927
=CAT  \\$aIPL-CLA$c20230930$lBLL01$h0807
=CFI  0\$aCurrent copyright fee: zero$c2\0$e01-oct-2023$fGBP0.00$g0$hP$5Uk
=CFI  2\$aPrevious copyright fee: zero$c45\0$e04-MAR-2016$fGBP0.00$g0$hP$5Uk
=FFP  \\$aY$bBLDSS-3PM
=FIN  \\$aY$d20050708
=LKR  \\$aPAR$b013350001$lBLL01$r772$mActa orthopaedica. Supplementum (Online)$nActa orthopaedica (Online)
=MNI  \\$a1745-3690
=TCO  \\$aCLA$bCLA$c008
=TOC  \\$aETOC
=LAS  \\$aIPL-CLA$b00$c20230930$lBLL01$h0807

