=LDR  01797cas a22004697a 4500
=001  018549519
=003  Uk
=005  20211231154740.0
=006  m\\\\\\\\d\|||||||
=007  cr\|||||||||||
=008  171010c\\\\9999\\\\\\\\\\\\\\0\\\a0eng\\
=FMT  \\$a  SE
=022  \\$a2452-3062
=040  \\$aUk$beng$cUk
=245  00$aEconometrics and statistics.
=264  \1$aAmsterdam :$bElsevier B.V.
=336  \\$atext$2rdacontent
=337  \\$acomputer$2rdamedia
=338  \\$aonline resource$2rdacarrier
=540  \\$aCurrent copyright fee: GBP34.30$c5\1$5Uk
=856  \\$aEconometrics and statistics.
=856  \\$31850-9999$uhttp://www.sciencedirect.com/$xBLDSS
=945  \\$aEconometrics and statistics
=979  \\$aBritish Library$bDSC$j3650.110600N
=985  \\$a3rd party access title for Remote supply please retain as base record when merging/deleting
=CAT  \\$a5552$b40$c20171010$lBLL01$h0827
=CAT  \\$aBLDSS-3PM$b00$c20171020$lBLL01$h1154
=CAT  \\$aBATCH-UPD$b00$c20171020$lBLL01$h1156
=CAT  \\$aBATCH-UPD$b00$c20171121$lBLL01$h1756
=CAT  \\$aIPL-CLA$c20171231$lBLL01$h1835
=CAT  \\$aBATCH-UPD$b00$c20190521$lBLL01$h1447
=CAT  \\$aIPL-CLA$c20190630$lBLL01$h1549
=CAT  \\$a5552$b40$c20211109$lBLL01$h1243
=CAT  \\$aBATCH-UPD$b40$c20211119$lBLL01$h1603
=CAT  \\$aIPL-CLA$c20211231$lBLL01$h1547
=CFI  0\$aCurrent copyright fee: GBP34.30$c5\1$e01-jan-2022$fGBP34.30$g0$hP$5Uk
=CFI  2\$aPrevious copyright fee: GBP32.84$c5\1$e01-jul-2019$fGBP32.84$g0$hP$5Uk
=FFP  \\$aY$bBLDSS-3PM
=TOC  \\$aETOC
=ACF  \\$aPrevious copyright fee: GBP22.50$c5\1$e10-oct-2017$fGBP22.50$g0$hP$5Uk
=ACF  \\$aPrevious copyright fee: GBP23.40$c5\1$e01-jan-2018$fGBP23.40$g0$hP$5Uk
=LAS  \\$aIPL-CLA$b00$c20211231$lBLL01$h1547

