=LDR  01675 as a22004697i 4500
=001  016930048
=003  Uk
=005  20150519144833.0
=006  m\\\\\\\\d\|\\\\\\
=007  cr||||||||||||
=008  141103c20159999enkmr\p\o\\\\\0\\\a0eng\\
=FMT  \\$a  SE
=022  0\$a2057-2018$202
=040  \\$aUk$beng$cUk$erda
=042  \\$aissnuk
=222  \0$aCosmetics business markets$b(Online)
=245  00$aCosmetics business markets.
=264  \1$aLondon :$bHPCi Media
=310  \\$aMonthly
=336  \\$atext$2rdacontent
=337  \\$acomputer$2rdamedia
=338  \\$aonline resource$2rdacarrier
=588  \\$aISSN title from home page html header (publisher's Web site, viewed May 19, 2015).
=540  \\$aCurrent Copyright Fee: GBP30.00$c110\0$5Uk
=776  08$iAlso available in print as:$tCosmetics business markets$x2057-200X
=856  40$ahttp://www.cosmeticsbusiness.com/Category/Cosmetics_Business_Markets.$zTo subscribe
=856  4\$31850-9999$uhttp://www.hpcimedia.com/$xBLDSS
=CAT  \\$a11313$b40$c20141103$lBLL01$h1100
=CAT  \\$a5552$b40$c20150310$lBLL01$h0940
=CAT  \\$a5552$b40$c20150310$lBLL01$h1044
=CAT  \\$a11313$b40$c20150424$lBLL01$h1144
=CAT  \\$aBLDSS-3PM$b00$c20150513$lBLL01$h0807
=CAT  \\$a5997$b40$c20150519$lBLL01$h1448
=CAT  \\$aBATCH-UPD$b40$c20160413$lBLL01$h1828
=CAT  \\$aBATCH-UPD$b40$c20210210$lBLL01$h2006
=CFI  0\$aCurrent copyright fee: GBP30.00$c110\0$e10-mar-2015$fGBP30.00$g0$hP$5Uk
=FFP  \\$aY$bBLDSS-3PM
=FIN  \\$aY$d20150519
=LET  \0$aCosmetics business markets (Electronic)
=TOC  \\$aETOC
=UNO  \\$aY
=LAS  \\$aBATCH-UPD$b40$c20210210$lBLL01$h2006

