=LDR  05945cas a2201237 a 4500
=001  015524544
=003  Uk
=005  20230930080955.0
=006  m\\\\\\\\u\\\\\\\\
=007  cr\mnu||||||||
=008  121224c19749999cc\mr\p\o\\\\\0\\\e0chi\\
=FMT  \\$a  SE
=022  \\$y1004-0935
=035  \\$a(OCoLC)857815528
=040  \\$aAU@$beng$cAU@$dOCLCO$dUk
=043  \\$aa-cc-lp
=082  04$a660.05$223
=130  0\$6880-01$aLiaoning hua gong (Online)
=245  10$6880-02$aLiaoning hua gong$h[electronic resource] =$bLiaoning chemical industry.
=246  3\$aLiaoning huagong
=246  31$aLiaoning chemical industry
=260  \\$6880-03$aShenyang :$bLiaoning Sheng hua gong xue hui,$c1974-
=310  \\$aMonthly,$b2001-
=321  \\$aBimonthly,$b1974-1978
=321  \\$aQuarterly,$b1979-1980
=321  \\$aBimonthly,$b1981-2000
=336  \\$atext$2rdacontent
=337  \\$acomputer$2rdamedia
=338  \\$aonline resource$2rdacarrier
=362  0\$a1974-
=516  \\$aIn PDF format.
=538  \\$aMode of access: World Wide Web.
=500  \\$aTitle from cover.
=533  \\$aElectronic reproduction.$bBeijing :$cChina academic journals electronic publishing house.
=538  \\$aSystem requirements: Windows 98 above; IE browser is recommended; CAJ viewer is required to view full text or Acrobat Reader with Adobe simplified.
=540  \\$aCurrent copyright fee: GBP24.17$c44\0$5Uk
=650  \0$6880-04$aChemical engineering$zChina$zLiaoning Sheng$vPeriodicals.
=710  2\$6880-05$aLiaoning Sheng hua gong xue hui.
=740  0\$aChina Academic Journals - Chemistry/ Metallurgy/ Environment/ Mine Industry (Series B) - Chinese
=773  0\$tChina academic journals
=780  00$6880-06$tLiaoning hua gong ji shu tong xun
=880  0\$6130-01$a辽宁化工(Online)
=880  10$6245-02$a辽宁化工$h[electronic resource] =$bLiaoning chemical industry.
=880  \\$6260-03$a沈阳 :$b辽宁省化工学会,$c1974-
=880  \0$6650-04$aChemical engineering$z辽宁省 (中国)$vPeriodicals.
=880  2\$6710-05$a辽宁省化工学会.
=880  00$6780-06$t辽宁化工技术通讯
=856  \\$31850-9999$uhttp://www.oriprobe.com/$xBLDSS
=856  40$3China academic journals$uhttp://oversea.cnki.net/kns55/oldnavi/n_item.aspx?NaviID=48&Flg=local&BaseID=LNHG&NaviLink$zConnect to periodicals (National Library of Australia only)
=945  \\$aLiaoning huagong
=979  \\$aBritish Library$bDSC$j5186.247370N
=994  \\$aZ0$bBLX
=CAT  \\$a11433$b40$c20100403$lBLL01$h1117
=CAT  \\$aIPL-CLA$c20160930$lBLL01$h1628
=CAT  \\$aBATCH-UPD$b00$c20170216$lBLL01$h2003
=CAT  \\$aIPL-CLA$c20170331$lBLL01$h1906
=CAT  \\$aBATCH-UPD$b00$c20170904$lBLL01$h2034
=CAT  \\$aIPL-CLA$c20170929$lBLL01$h1752
=CAT  \\$aBATCH-UPD$b00$c20180223$lBLL01$h1933
=CAT  \\$aIPL-CLA$c20180331$lBLL01$h1648
=CAT  \\$aBATCH-UPD$b00$c20180823$lBLL01$h1959
=CAT  \\$aIPL-CLA$c20180930$lBLL01$h1511
=CAT  \\$aBATCH-UPD$b00$c20190829$lBLL01$h1559
=CAT  \\$aIPL-CLA$c20190930$lBLL01$h1648
=CAT  \\$aBATCH-UPD$b00$c20200219$lBLL01$h1547
=CAT  \\$aIPL-CLA$c20200331$lBLL01$h1625
=CAT  \\$aBATCH-UPD$b00$c20200522$lBLL01$h1523
=CAT  \\$aIPL-CLA$c20200701$lBLL01$h0108
=CAT  \\$aBATCH-UPD$b00$c20210226$lBLL01$h1106
=CAT  \\$aIPL-CLA$c20210331$lBLL01$h1701
=CAT  \\$aBATCH-UPD$b00$c20210707$lBLL01$h1629
=CAT  \\$aIPL-CLA$c20210707$lBLL01$h1844
=CAT  \\$aBATCH-UPD$b00$c20220520$lBLL01$h1710
=CAT  \\$aIPL-CLA$c20220630$lBLL01$h1538
=CAT  \\$aBATCH-UPD$b00$c20220824$lBLL01$h0932
=CAT  \\$aIPL-CLA$c20220930$lBLL01$h1428
=CAT  \\$aBATCH-UPD$b00$c20230824$lBLL01$h1116
=CAT  \\$aIPL-CLA$c20230930$lBLL01$h0809
=CFI  0\$aCurrent copyright fee: GBP24.17$c44\0$e01-oct-2023$fGBP24.17$g0$hP$5Uk
=CFI  2\$aPrevious copyright fee: GBP20.83$c44\0$e01-oct-2022$fGBP20.83$g0$hP$5Uk
=FFP  \\$aY$bBLDSS-3PM
=SID  \\$aZ39$bOCLC
=TCO  \\$aZZZ$c008
=TOC  \\$aETOC
=ACF  \\$aPrevious copyright fee: GBP6.00$c44\0$e20-may-2009$fGBP6.00$g0$hP$5Uk
=ACF  \\$aPrevious copyright fee: GBP9.00$c44\0$e01-apr-2010$fGBP9.00$g0$hP$5Uk
=ACF  \\$aPrevious copyright fee: GBP9.70$c44\0$e01-jul-2012$fGBP9.70$g0$hP$5Uk
=ACF  \\$aPrevious copyright fee: GBP10.32$c44\0$e01-jul-2013$fGBP10.32$g0$hP$5Uk
=ACF  \\$aPrevious copyright fee: GBP10.00$c44\0$e01-jan-2013$fGBP10.00$g0$hP$5Uk
=ACF  \\$aPrevious copyright fee: GBP14.55$c44\0$e14-nov-2014$fGBP14.55$g0$hP$5Uk
=ACF  \\$aPrevious copyright fee: GBP15.48$c44\0$e01-apr-2015$fGBP15.48$g0$hP$5Uk
=ACF  \\$aPrevious copyright fee: GBP16.00$c44\0$e01-jul-2015$fGBP16.00$g0$hP$5Uk
=ACF  \\$aPrevious copyright fee: GBP16.13$c44\0$e01-oct-2015$fGBP16.13$g0$hP$5Uk
=ACF  \\$aPrevious copyright fee: GBP17.24$c44\0$e01-apr-2016$fGBP17.24$g0$hP$5Uk
=ACF  \\$aPrevious copyright fee: GBP18.52$c44\0$e01-oct-2016$fGBP18.52$g0$hP$5Uk
=ACF  \\$aPrevious copyright fee: GBP20.00$c44\0$e01-apr-2017$fGBP20.00$g0$hP$5Uk
=ACF  \\$aPrevious copyright fee: GBP19.23$c44\0$e01-oct-2017$fGBP19.23$g0$hP$5Uk
=ACF  \\$aPrevious copyright fee: GBP17.86$c44\0$e01-apr-2018$fGBP17.86$g0$hP$5Uk
=ACF  \\$aPrevious copyright fee: GBP19.23$c44\0$e01-oct-2018$fGBP19.23$g0$hP$5Uk
=ACF  \\$aPrevious copyright fee: GBP20.00$c44\0$e01-oct-2019$fGBP20.00$g0$hP$5Uk
=ACF  \\$aPrevious copyright fee: GBP19.23$c44\0$e01-apr-2020$fGBP19.23$g0$hP$5Uk
=ACF  \\$aPrevious copyright fee: GBP20.00$c44\0$e01-jul-2020$fGBP20.00$g0$hP$5Uk
=ACF  \\$aPrevious copyright fee: GBP18.52$c44\0$e01-apr-2021$fGBP18.52$g0$hP$5Uk
=ACF  \\$aPrevious copyright fee: GBP17.86$c44\0$e07-jul-2021$fGBP17.86$g0$hP$5Uk
=ACF  \\$aPrevious copyright fee: GBP20.00$c44\0$e01-jul-2022$fGBP20.00$g0$hP$5Uk
=LAS  \\$aIPL-CLA$b00$c20230930$lBLL01$h0809

