=LDR  04200cas a2200985 a 4500
=001  016008598
=003  Uk
=005  20221231145119.0
=006  m\\\\\\\\d\\\\\\\\
=007  cr\|||||||||||
=008  110906c20129999nyuqr\pss\\\\\0\\\a0eng\d
=FMT  \\$a  SE
=010  \\$a  2011203272
=016  \\$a101603430$2DNLM
=022  0\$a2163-3924
=035  \\$a(OCoLC)749902091
=035  \\$a(StAbUL)001525929
=038  \\$aOCoLC
=040  \\$aDLC$beng$cDLC$dDLC$dOCLCQ$dNLM$dStAbUL$dUk
=042  \\$apcc
=060  00$aW1$bJO9737
=210  0\$aJ. Wrist Surg.$b(Online)
=222  \0$aJournal of wrist surgery$b(Online)
=245  00$aJournal of wrist surgery$h[electronic resource].
=260  \\$aNew York, N.Y. :$bThieme Publishers,$c2012-
=310  \\$aQuarterly
=336  \\$atext$2rdacontent
=337  \\$acomputer$2rdamedia
=338  \\$aonline resource$2rdacarrier
=362  0\$aVol. 1, no. 1 (Aug. 2012)-
=590  \\$aElectronic Format: Route ALL FAILED DSC requests to Records Team
=500  \\$aTitle from web page (viewed on Sept. 26, 2013).
=500  \\$aOnline version available (unrestricted access).
=516  \\$aText (electronic journal).
=538  \\$aSystem requirements: Adobe Acrobat Reader or other PDF reader (latest version recommended); Internet Explorer or other browser (latest version recommended).
=538  \\$aMode of access: World Wide Web.
=540  \\$aCurrent copyright fee: GBP47.00$c49\0$5Uk
=650  00$aWrist$xSurgery$vPeriodicals.
=856  \\$31850-9999$uhttp://www.thieme.com/$xBLDSS
=856  40$3Vol. 1, no. 1 (Aug. 2012)-$uhttp://www.ncbi.nlm.nih.gov/pmc/journals/2086/$zAvailable from PubMed Central. This is a backfile service. Last year unavailable. Unrestricted access,
=945  \\$aJournal of wrist surgery
=979  \\$aBritish Library$bDSC$j5072.697200N
=CAT  \\$a5552$b40$c20120116$lBLL01$h1545
=CAT  \\$aBATCH-TCO$c20120117$lBLL01$h0040
=CAT  \\$a5552$b40$c20131125$lBLL01$h1200
=CAT  \\$aIPL-CLA$c20140101$lBLL01$h0155
=CAT  \\$a6550$b40$c20140902$lBLL01$h1058
=CAT  \\$aBATCH-UPD$b40$c20141124$lBLL01$h1823
=CAT  \\$aBLDSS-3PM$b00$c20141208$lBLL01$h1628
=CAT  \\$aIPL-CLA$c20141231$lBLL01$h1702
=CAT  \\$a5552$b40$c20151105$lBLL01$h0852
=CAT  \\$aIPL-CLA$c20151231$lBLL01$h1934
=CAT  \\$aBATCH-UPD$b00$c20160413$lBLL01$h1825
=CAT  \\$aBATCH-UPD$b00$c20160605$lBLL01$h0608
=CAT  \\$aBATCH-UPD$b00$c20161212$lBLL01$h1804
=CAT  \\$aIPL-CLA$c20161231$lBLL01$h0000
=CAT  \\$aBATCH-UPD$b00$c20171220$lBLL01$h1153
=CAT  \\$aIPL-CLA$c20171231$lBLL01$h1811
=CAT  \\$aBATCH-UPD$b00$c20181126$lBLL01$h1131
=CAT  \\$aIPL-CLA$c20181231$lBLL01$h1551
=CAT  \\$aBATCH-UPD$b00$c20190314$lBLL01$h1522
=CAT  \\$aBATCH-UPD$b00$c20210510$lBLL01$h1221
=CAT  \\$aIPL-CLA$c20210510$lBLL01$h1315
=CAT  \\$a12654$b40$c20211103$lBLL01$h0744
=CAT  \\$aBATCH-UPD$b40$c20211119$lBLL01$h1523
=CAT  \\$aIPL-CLA$c20211231$lBLL01$h1545
=CAT  \\$aBATCH-UPD$b00$c20221121$lBLL01$h1432
=CAT  \\$aIPL-CLA$c20221231$lBLL01$h1451
=CFI  0\$aCurrent copyright fee: GBP47.00$c49\0$e01-jan-2023$fGBP47.00$g0$hP$5Uk
=CFI  2\$aPrevious copyright fee: GBP43.00$c49\0$e01-jan-2022$fGBP43.00$g0$hP$5Uk
=FFP  \\$aY$bBLDSS-3PM
=MNI  \\$a2163-3916
=SID  \\$aZ39$bRLUK
=TCO  \\$aTRS$bCCC$c008
=TOC  \\$aETOC
=UNO  \\$aY
=ACF  \\$aPrevious copyright fee: GBP24.88$c49\0$e09-jan-2012$fGBP24.88$g0$hP$5Uk
=ACF  \\$aPrevious Copyright Fee: GBP25.00$c49\0$e01-jan-2014$fGBP25.00$g0$hP$5Uk
=ACF  \\$aPrevious copyright fee: GBP27.00$c49\0$e01-jan-2015$fGBP27.00$g0$hP$5Uk
=ACF  \\$aPrevious copyright fee: GBP29.00$c49\0$e01-jan-2016$fGBP29.00$g0$hP$5Uk
=ACF  \\$aPrevious copyright fee: GBP32.00$c49\0$e01-jan-2017$fGBP32.00$g0$hP$5Uk
=ACF  \\$aPrevious copyright fee: GBP37.00$c49\0$e01-jan-2018$fGBP37.00$g0$hP$5Uk
=ACF  \\$aPrevious copyright fee: GBP39.00$c49\0$e01-jan-2019$fGBP39.00$g0$hP$5Uk
=ACF  \\$aPrevious copyright fee: GBP41.00$c49\0$e10-may-2021$fGBP41.00$g0$hP$5Uk
=LAS  \\$aIPL-CLA$b00$c20221231$lBLL01$h1451

