=LDR  02996 as a2200745 a 4500
=001  016055809
=003  Uk
=005  20170124110959.0
=006  m\\\\\\\\d\\\\\\\\
=007  cr\|||||||||||
=008  101001d20112011nyufr\pss\\\\\0\\\a0eng\d
=FMT  \\$a  SE
=010  \\$a  2010208015$z2010208042  
=016  \\$a101571406$2DNLM
=022  0\$a2157-698X
=035  \\$a(OCoLC)667697254
=035  \\$a(StAbUL)001525909
=038  \\$aOCoLC
=040  \\$aDLC$beng$cDLC$dDLC$dNLM$dDLC$dNLM$dStAbUL$dUk
=042  \\$apcc$ansdp
=060  00$aW1$bSK755
=210  0\$aSkull base rep.$b(Online)
=222  \0$aSkull base reports$b(Online)
=245  00$aSkull base reports$h[electronic resource].
=260  \\$aNew York, N.Y. :$bThieme Medical Publishers,$c2011.
=310  \\$aSemi-annual
=336  \\$atext$2rdacontent
=337  \\$acomputer$2rdamedia
=338  \\$aonline resource$2rdacarrier
=362  0\$aVol. 1, no. 1 (May 2011)-v. 1, no. 2 (Nov. 2011)
=590  \\$aElectronic Format: Route ALL FAILED DSC requests to Records Team
=540  \\$aCurrent Copyright Fee: zero$c49\0$5Uk
=500  \\$aTitle from web page (viewed on Sept. 26, 2013).
=500  \\$aOnline version available (unrestricted access).
=516  \\$aText (electronic journal).
=538  \\$aSystem requirements: Adobe Acrobat Reader or other PDF reader (latest version recommended); Internet Explorer or other browser (latest version recommended).
=538  \\$aMode of access: World Wide Web.
=650  \0$aSkull base$vPeriodicals.
=650  \0$aSkull base$xSurgery$vPeriodicals.
=650  12$aSkull Base$xsurgery$vPeriodicals.
=650  22$aSkull Base$xpathology$vPeriodicals.
=650  22$aDiagnostic Techniques, Neurological$vPeriodicals.
=785  00$tJournal of neurological surgery reports$x2193-6366
=856  \\$31850-9999$uhttp://www.thieme.com/$xBLDSS
=856  40$3Vol. 1, no. 1 (May 2011)-v. 1, no. 2 (Nov. 2011)$uhttp://www.ncbi.nlm.nih.gov/pmc/journals/2146/#sbr$zAvailable from PubMed Central. Unrestricted access,
=945  \\$aSkull base reports (Online)
=979  \\$aBritish Library$bDSC$j8308.840000N
=CAT  \\$a5552$b40$c20120326$lBLL01$h0905
=CAT  \\$a5552$b40$c20131126$lBLL01$h1535
=CAT  \\$aIPL-CLA$c20140101$lBLL01$h0158
=CAT  \\$a6550$b40$c20140902$lBLL01$h1116
=CAT  \\$aBLDSS-3PM$b00$c20141208$lBLL01$h1628
=CAT  \\$aBATCH-UPD$b00$c20151115$lBLL01$h1636
=CAT  \\$a5552$b40$c20160208$lBLL01$h1535
=CAT  \\$aBATCH-UPD$b40$c20160413$lBLL01$h1826
=CAT  \\$aBATCH-UPD$b40$c20160605$lBLL01$h0614
=CAT  \\$a5410$b40$c20170124$lBLL01$h1109
=CAT  \\$aBATCH-UPD$b40$c20190314$lBLL01$h1522
=CFI  0\$aCurrent Copyright Fee: zero$c49\0$e01-jan-2014$fGBP0.00$g0$hP$5Uk
=CFI  2\$aPrevious copyright fee: GBP24.88$c49\0$e26-mar-2012$fGBP24.88$g0$hP$5Uk
=FFP  \\$aY$bBLDSS-3PM
=MNI  \\$a2157-6971
=SID  \\$aZ39$bRLUK
=UNO  \\$aY
=LAS  \\$aBATCH-UPD$b40$c20190314$lBLL01$h1522

