=LDR  01572cas a22004097a 4500
=001  015401072
=003  Uk
=005  20230622170839.0
=006  m\\\\\\\\d\|\\\\\\
=007  cr||||||||||||
=008  091026c200u9999\\\|u|pss\\\\\0\\\a0eng\\
=FMT  \\$a  SE
=022  \\$a1876-536X
=040  \\$aUk$beng$cUk
=245  00$aOpen pacing, electrophysiology & therapy journal$h[electronic resource].
=246  13$aOpen pacing, electrophysiology and therapy journal$h[electronic resource].
=260  \\$aNetherlands :$bBentham Science Publishers Ltd.,$c200? -
=336  \\$atext$2rdacontent
=337  \\$acomputer$2rdamedia
=500  \\$aBasic record created for open access journal available for use in BL reading rooms
=516  \\$aPDF format
=538  \\$aMode of access: Internet
=540  \\$aCurrent copyright fee: zero$c38\0$5Uk
=856  \\$31850-9999$uhttp://benthamscience.com/$xBLDSS$aOpen otorhinolaryngology journal.
=945  \\$aOpen pacing electrophysiology and therapy journal.
=979  \\$aBritish Library$bDSC$j6265.965000N
=CAT  \\$a12500$b40$c20091026$lBLL01$h1230
=CAT  \\$a5552$b40$c20160122$lBLL01$h1054
=CAT  \\$aBLDSS-3PM$b00$c20160201$lBLL01$h1812
=CAT  \\$aBATCH-UPD$b00$c20160413$lBLL01$h1824
=CAT  \\$a5552$b40$c20170320$lBLL01$h1109
=CAT  \\$a5410$b40$c20170331$lBLL01$h1112
=CAT  \\$aW2306-1299$c20230622$lBLL01$h1710
=CFI  0\$aCurrent copyright fee: zero$c38\0$e22-jan-2016$fGBP0.00$g0$hP$5Uk
=FFP  \\$aY$bBLDSS-3PM
=TCO  \\$aZZZ$c008
=LAS  \\$aW2306-1299$b00$c20230622$lBLL01$h1710

