=LDR  02995aas a2200781 a 4500
=001  015719941
=003  Uk
=005  20210708085736.0
=006  m\\\\\\\\d\\\\\\\\
=007  cr\|||||||||||
=008  121017d20122014enk\x\p\o\\\\\0\\\a0eng\d
=015  \\$aGBB2C3829$2bnb
=022  0\$a2046-2395$202
=035  \\$a(OCoLC)813251557
=040  \\$aOH1$cTEF$dTEF$dCS1$dUk
=042  \\$aissnuk$aukblsr
=050  \4$aRA776.75
=060  \4$aW1
=082  04$a612.67$223
=210  0\$aLongev. healthspan
=222  \0$aLongevity & healthspan
=245  00$aLongevity & healthspan$h[electronic resource].
=246  3\$aLongevity and healthspan
=260  \\$aLondon :$bBioMed Central
=310  \\$aIrregular
=336  \\$atext$2rdacontent
=337  \\$acomputer$2rdamedia
=338  \\$aonline resource$2rdacarrier
=362  1\$aBegan with: Vol. 1, issue 1 (2012); ceased 31 Dec. 2014.
=515  \\$aArticles are added on an individual basis, as accepted.
=540  \\$aCurrent Copyright Fee: zero$c22\1$5Uk
=588  \\$aDescription based on: Vol. 1, issue 1 (2012); title from journal information screen (OhioLink website, viewed Oct. 16, 2012).
=588  \\$aLatest issue consulted: 2012, 1:10 (3 Dec. 2012) (viewed Dec. 5, 2012).
=650  \0$aLongevity$vPeriodicals.
=650  \0$aAging$vPeriodicals.
=650  \0$aHealth$vPeriodicals.
=650  \0$aLife spans (Biology)$vPeriodicals.
=856  \\$31850-9999$uhttp://link.springer.com/$xBLDSS
=856  40$uhttp://rave.ohiolink.edu/ejournals/issn/20462395$zConnect to resource
=856  40$uhttp://www.longevityandhealthspan.com/$xOA-J
=945  \\$aLongevity and healthspan
=979  \\$aBritish Library$bDSC$j5294.225435N
=985  \\$aISSN description based on: journal homepage, viewed 04/09/2012. First articles posted 03/09/12.
=985  \\$aISSN UK Centre note: ROAD OA
=985  \\$aISSN UK Centre note: Info from publisher: ceased December 31 2014.
=CAT  \\$a10806$b40$c20101221$lBLL01$h1540
=CAT  \\$a10806$b40$c20101230$lBLL01$h1047
=CAT  \\$a10806$b40$c20120904$lBLL01$h1405
=CAT  \\$a3072$b40$c20121205$lBLL01$h1502
=CAT  \\$a3072$b40$c20121205$lBLL01$h1508
=CAT  \\$a11313$b40$c20130110$lBLL01$h0905
=CAT  \\$aBATCH-CLA$b00$c20131129$lBLL01$h1650
=CAT  \\$aIPL-CLA$c20140101$lBLL01$h0140
=CAT  \\$a11316$b40$c20140415$lBLL01$h0834
=CAT  \\$a11313$b40$c20141231$lBLL01$h0918
=CAT  \\$a5552$b40$c20210628$lBLL01$h0856
=CAT  \\$aBLDSS-3PM$b00$c20210708$lBLL01$h0857
=CAT  \\$aBATCH-UPD$b00$c20210708$lBLL01$h0902
=CFI  0\$aCurrent copyright fee: zero$c22\1$e28-jun-2021$fGBP0.00$g0$hP$5Uk
=CFI  2\$aPrevious Copyright Fee: GBP29.95$c0$e01-jan-2014$fGBP29.95$g0$hC$5Uk
=FFP  \\$aY$bBLDSS-3PM
=FIN  \\$aY$d20120904
=FMT  \\$a  SE
=LAS  \\$aBATCH-UPD$b00$c20210708$lBLL01$h0902
=LET  \0$aLongevity & healthspan (Electronic)
=SID  \\$aZ39$bOCLC
=TCO  \\$aCLA$bCLA$c008
=UNO  \\$aY

