=LDR  02759aas a22006857a 4500
=001  012089979
=003  Uk
=005  20180601125825.0
=006  m\\\\\\\\d\|\\\\\\
=007  cr\|||||||||||
=008  030728d20012007enkmr\p\o\\\\\0\\\a0eng\\
=022  0\$a1741-4199$202
=040  \\$aUk$beng$cUk$dUk
=042  \\$aissnuk
=082  04$a530.095105$222
=130  0\$aChinese physics (Beijing, China)
=210  0\$aChin. phys.$b(Online)
=222  \0$aChinese physics$b(Online)
=245  10$aChinese physics$h[electronic resource].
=264  \1$a[Beijing] :$bChinese Physical Society,$c2001-2007.
=264  21$3<2001->$aBristol :$bIOP Publishing Ltd
=310  \\$aMonthly
=336  \\$atext$2rdacontent
=337  \\$acomputer$2rdamedia
=338  \\$aonline resource$2rdacarrier
=362  0\$aVolume 9, number 1 (January 2000)-volume 16, number 12 (December 2007).
=540  \\$aCurrent Copyright Fee: GBP30.00$c77\0$5Uk
=588  \\$aDescription based on: volume 9, number 1 (January 2000); title from PDF article (IOP Science, viewed November 16, 2015).
=588  \\$aLatest issue consulted: volume 16, number 12 (December 2007) (viewed November 16, 2015).
=776  08$iAlso issued in print as:$tChinese physics (Beijing, China)$x1009-1963
=780  00$tActa physica Sinica (Overseas edition)
=785  00$tChinese physics B (Online)$x2058-3834
=856  \\$31850-9999$uhttp://www.iop.org/$xBLDSS
=856  4\$uhttp://www.iop.org/EJ/journal/CP$zFollow links to resource
=985  \\$aISSN UK Centre note: ROAD OA CODING REMOVED - REJECTED BY IC (02/09/2015)
=985  \\$aISSN Centre note: record revised in connection with cataloguing of the successor title: Chinese physics B.
=CAT  \\$aCONV$b00$c20040425$lBLL90$h0850
=CAT  \\$aCONV$b00$c20040502$lBLL01$h1456
=CAT  \\$aglobal_upd$b40$c20060417$lBLL01$h1841
=CAT  \\$a6537$b40$c20070718$lBLL01$h0934
=CAT  \\$aBATCH$b00$c20091210$lBLL01$h0648
=CAT  \\$a11315$b40$c20150205$lBLL01$h0847
=CAT  \\$a11315$b40$c20150205$lBLL01$h0929
=CAT  \\$a11313$b40$c20150902$lBLL01$h1343
=CAT  \\$a11316$b40$c20151116$lBLL01$h0950
=CAT  \\$a11316$b40$c20151116$lBLL01$h1150
=CAT  \\$a5552$b40$c20180601$lBLL01$h0809
=CAT  \\$a5552$b40$c20180601$lBLL01$h1258
=CAT  \\$aIPL-CLA$c20180630$lBLL01$h1913
=CAT  \\$aBLDSS-3PM$b00$c20180723$lBLL01$h1540
=CAT  \\$aBATCH-UPD$b00$c20180723$lBLL01$h1548
=CFI  0\$aCurrent Copyright Fee: GBP30.00$c77\0$e01-jul-2018$fGBP30.00$g0$hP$5Uk
=FFP  \\$aY$bBLDSS-3PM
=FIN  \\$aY
=FMT  \\$a  SE
=LAS  \\$aBATCH-UPD$b00$c20180723$lBLL01$h1548
=LEO  \\$aMP22.0000071358
=SRC  \\$aISN01$bbibmp22.200404.2.aa
=TCO  \\$aCLA$bCLA$c008
=UNO  \\$aY

