=LDR  05912cas a2201213 a 4500
=001  013089632
=003  Uk
=005  20221231144555.0
=006  m\\\\\\\\d\\\\\\\\
=007  cr\cnu||||||||
=008  000128c19299999sz\qr\pso\\\\\0\\\a0eng\c
=FMT  \\$a  SE
=010  \\$a2004233246
=022  0\$a1420-8946$l0010-2571$y0010-2571
=035  \\$a(OCoLC)43364949
=040  \\$aCSL$cCSL$dOCLCQ$dGUA$dOCLCQ$dMUQ$dOCL$dOCLCQ$dUK
=041  0\$aeng$afre$ager$aita
=042  \\$aukblsr
=050  14$aQA1
=082  04$a510.5$223
=130  0\$aCommentarii mathematici Helvetici (Online)
=222  \0$aCommentarii mathematici Helvetici$b(Electronic ed.)
=245  10$aCommentarii mathematici Helvetici$h[electronic resource].
=246  13$aCMH
=260  \\$aBasel, Switzerland :$bBirkhäuser Verlag AG
=260  3\$32005-$aZürich :$bEuropean Mathematical Society Publishing House
=310  \\$aQuarterly
=336  \\$atext$2rdacontent
=337  \\$acomputer$2rdamedia
=338  \\$aonline resource$2rdacarrier
=362  1\$aPrint began with vol. 1, fasc. primus, published in 1929.
=588  \\$aDescription based on: Vol. 72, no. 1 (May 1997); title from contents screen (Springer LINK, viewed Mar. 29, 2004).
=588  \\$aLatest issue consulted: Vol. 86, issue 3 (2011), European Mathematical Society Publishing House website, viewed July 19, 2011.
=538  \\$aMode of access: World Wide Web.
=546  \\$aText in English, French, German or Italian.
=500  \\$a"Volumes older than 5 years, starting from 1929, are freely available on the Swiss Electronic Academic Library Service SEALS Portal." EMS website.
=550  \\$aIssued by the Swiss Mathematical Society.
=540  \\$aCurrent copyright fee: GBP29.95$c22\1$5Uk
=650  \0$aMathematics$vPeriodicals.
=710  2\$aSchweizerische Mathematische Gesellschaft.
=776  0\$tCommentarii mathematici Helvetici$x0010-2571
=856  \\$31850-9999$uhttp://www.springer.com/gb/$xBLDSS
=856  \\$uhttp://www.ems-ph.org/journals/journal.php?jrn=cmh$zLast 5 years only
=856  40$uhttp://www.springerlink.com/link.asp?id=101194$zVols. 1-79
=945  \\$aCommentarii mathematici Helvetici.
=979  \\$aBritish Library$bDSC$j3333.000000
=CAT  \\$a6524$b40$c20050123$lBLL01$h0917
=CAT  \\$aIPL-CLA$c20150331$lBLL01$h1638
=CAT  \\$aBATCH-UPD$b00$c20150520$lBLL01$h1743
=CAT  \\$aIPL-CLA$c20150630$lBLL01$h1646
=CAT  \\$aBATCH-UPD$b00$c20150820$lBLL01$h1830
=CAT  \\$aIPL-CLA$c20150930$lBLL01$h1806
=CAT  \\$aBATCH-UPD$b00$c20160217$lBLL01$h1719
=CAT  \\$aIPL-CLA$c20160331$lBLL01$h1726
=CAT  \\$aBATCH-UPD$b00$c20160413$lBLL01$h1819
=CAT  \\$aBATCH-UPD$b00$c20160524$lBLL01$h2209
=CAT  \\$aBATCH-UPD$b00$c20160525$lBLL01$h0018
=CAT  \\$aBATCH-UPD$b00$c20160824$lBLL01$h1748
=CAT  \\$aIPL-CLA$c20160930$lBLL01$h1603
=CAT  \\$a5552$b40$c20161222$lBLL01$h1326
=CAT  \\$a5552$b40$c20161222$lBLL01$h1337
=CAT  \\$a5410$b40$c20170106$lBLL01$h1112
=CAT  \\$aBATCH-UPD$b40$c20170216$lBLL01$h1836
=CAT  \\$aIPL-CLA$c20170331$lBLL01$h1844
=CAT  \\$aBATCH-UPD$b00$c20170904$lBLL01$h1844
=CAT  \\$aIPL-CLA$c20170929$lBLL01$h1728
=CAT  \\$aBATCH-UPD$b00$c20180223$lBLL01$h1703
=CAT  \\$aIPL-CLA$c20180331$lBLL01$h1619
=CAT  \\$aBATCH-UPD$b00$c20180524$lBLL01$h1708
=CAT  \\$aIPL-CLA$c20180630$lBLL01$h1916
=CAT  \\$aBATCH-UPD$b00$c20221121$lBLL01$h1400
=CAT  \\$aIPL-CLA$c20221231$lBLL01$h1445
=CFI  0\$aCurrent copyright fee: GBP29.95$c22\1$e01-jan-2023$fGBP29.95$g0$hP$5Uk
=CFI  2\$aPrevious copyright fee: GBP34.00$c22\1$e01-jul-2018$fGBP34.00$g0$hP$5Uk
=FFP  \\$aY$bBLDSS-3PM
=FIN  \\$aY$d20110719
=LKR  \\$aPAR$b012400158$lBLL01$r776$mCommentarii mathematici Helvetici (Online)$nCommentarii mathematici Helvetici (Print)
=MNI  \\$a0010-2571
=SID  \\$aZ39$bOCLC
=TCO  \\$aCHE$bPRO LITTERIS$c008
=TOC  \\$aETOC
=UNO  \\$aY
=ACF  \\$aPrevious copyright fee: GBP21.25$c22\1$e01-jan-2009$fGBP21.25$g0$hP$5Uk
=ACF  \\$aPrevious copyright fee: GBP16.75$c22\1$e01-jan-2007$fGBP16.75$g0$hP$5Uk
=ACF  \\$aPrevious copyright fee: GBP16.22$c22\1$e01-oct-2006$fGBP16.22$g0$hP$5Uk
=ACF  \\$aPrevious copyright fee: GBP17.14$c22\1$e01-apr-2006$fGBP17.14$g0$hP$5Uk
=ACF  \\$aPrevious copyright fee: GBP16.67$c22\1$e01-jan-2006$fGBP16.67$g0$hP$5Uk
=ACF  \\$aPrevious copyright fee: GBP16.22$c22\1$e01-apr-2005$fGBP16.22$g0$hP$5Uk
=ACF  \\$aPrevious copyright fee: GBP16.67$c22\1$e01-jan-2005$fGBP16.67$g0$hP$5Uk
=ACF  \\$aPrevious copyright fee: GBP22.00$c22\1$e01-apr-2009$fGBP22.00$g0$hP$5Uk
=ACF  \\$aPrevious copyright fee: GBP22.00$c22\1$e12-aug-2012$fGBP22.00$g0$hP$5Uk
=ACF  \\$aPrevious copyright fee: GBP25.00$c22\1$e01-jan-2013$fGBP25.00$g0$hP$5Uk
=ACF  \\$aPrevious copyright fee: GBP25.77$c22\1$e01-jul-2013$fGBP25.77$g0$hP$5Uk
=ACF  \\$aPrevious copyright fee: GBP24.97$c22\1$e01-jan-2014$fGBP24.97$g0$hP$5Uk
=ACF  \\$aPrevious copyright fee: GBP24.21$c22\1$e01-jul-2014$fGBP24.21$g0$hP$5Uk
=ACF  \\$aPrevious copyright fee: GBP25.77$c22\1$e01-apr-2015$fGBP25.77$g0$hP$5Uk
=ACF  \\$aPrevious copyright fee: GBP26.63$c22\1$e01-jul-2015$fGBP26.63$g0$hP$5Uk
=ACF  \\$aPrevious copyright fee: GBP25.77$c22\1$e01-oct-2015$fGBP25.77$g0$hP$5Uk
=ACF  \\$aPrevious copyright fee: GBP27.55$c22\1$e01-apr-2016$fGBP27.55$g0$hP$5Uk
=ACF  \\$aPrevious copyright fee: GBP29.59$c22\1$e01-oct-2016$fGBP29.59$g0$hP$5Uk
=ACF  \\$aPrevious copyright fee: GBP31.96$c22\1$e01-apr-2017$fGBP31.96$g0$hP$5Uk
=ACF  \\$aPrevious copyright fee: GBP30.73$c22\1$e01-oct-2017$fGBP30.73$g0$hP$5Uk
=ACF  \\$aPrevious copyright fee: GBP28.54$c22\1$e01-apr-2018$fGBP28.54$g0$hP$5Uk
=LAS  \\$aIPL-CLA$b00$c20221231$lBLL01$h1445

