=LDR  01877 as a22005417a 4500
=001  013628646
=003  Uk
=005  20170523145222.0
=006  m\\\\\\\\d\|\\\\\\
=007  cr||||||||||||
=008  061219c20079999enkqr\p\s\\\\\0\\\a0eng\\
=022  0\$a1753-2817$202
=040  \\$aUk$beng$cUk
=042  \\$aissnuk
=222  \0$aENDO$b(New Malden. Online)
=245  00$aENDO :$bendodontic practice today$h[electronic resource].
=246  13$aEndodontic practice today
=260  \\$aNew Malden :$bQuintessence
=310  \\$aQuarterly
=336  \\$atext$2rdacontent
=337  \\$acomputer$2rdamedia
=338  \\$aonline resource$2rdacarrier
=540  \\$aCurrent Copyright Fee: GBP20.00$c91\0$5Uk
=776  0\$tENDO$c(Print)$x1753-2809
=856  \\$31850-9999$uhttp://www.quintpub.co.uk/$xBLDSS
=856  40$uhttp://www.quintpub.com/journals/endo/gp.php?journal_name=ENDO&name_abbr=ENDO$zTo subscribe, login and password required
=945  \\$aENDO endodontic practice today.
=979  \\$aBritish Library$bDSC$j3470.421600N
=CAT  \\$a11316$b40$c20061219$lBLL01$h1401
=CAT  \\$a6537$b40$c20070419$lBLL01$h0925
=CAT  \\$a6537$b40$c20081124$lBLL01$h1130
=CAT  \\$a6537$b40$c20081124$lBLL01$h1137
=CAT  \\$a5552$b40$c20130827$lBLL01$h1614
=CAT  \\$aBLDSS-3PM$b00$c20150131$lBLL01$h2313
=CAT  \\$aBATCH-UPD$b00$c20160413$lBLL01$h1821
=CAT  \\$aBATCH-UPD$b00$c20160524$lBLL01$h2300
=CAT  \\$aBATCH-UPD$b00$c20160525$lBLL01$h0652
=CAT  \\$a5552$b40$c20170515$lBLL01$h1553
=CAT  \\$a5410$b40$c20170523$lBLL01$h1452
=CFI  0\$aCurrent Copyright Fee: GBP20.00$c91\0$e27-aug-2013$fGBP20.00$g0$hP$5Uk
=FFP  \\$aY$bBLDSS-3PM
=FIN  \\$aY$d20070419
=FMT  \\$a  SE
=LAS  \\$a5410$b40$c20170523$lBLL01$h1452
=MNI  \\$a1753-2809
=TCO  \\$aCLA$bCLA$c008
=TOC  \\$aETOC
=UNO  \\$aY

