=LDR  07642cas a2201549 a 4500
=001  005409677
=003  Uk
=005  20220930142225.0
=006  m\\\\\\\\d\\\\\\\\
=007  cr\|n|||||||||
=008  031017d20032007paumn\p\o\\\\\0\\\a0eng\\
=FMT  \\$a  SE
=010  \\$a  2004243077
=019  c\$a2452431
=022  \\$y0279-9529
=035  \\$a(OCoLC)232115956
=040  \\$aNz$beng$cUX0$dOCLCQ$dUk
=043  \\$an-us---
=050  \4$aR11$b.O23
=060  00$aW1$bAC7354
=082  04$a616.005$223
=130  0\$aACP observer (2003 : Online)
=245  10$aACP observer$h[electronic resource] /$cAmerican College of Physicians.
=246  1\$iTitle on masthead:$aAmerican College of Physicians observer
=246  30$aObserver
=260  \\$aPhiladelphia, PA :$bAmerican College of Physicians,$cc2003-2007.
=310  \\$aMonthly (except bimonthly July/Aug.)
=336  \\$atext$2rdacontent
=337  \\$acomputer$2rdamedia
=338  \\$aonline resource$2rdacarrier
=362  0\$aVol. 23, no. 4 (Apr. 2003)-
=595  \\$aSEE CARD INDEX.
=500  \\$aTitle from caption.
=506  \\$aAvailable only to authorized users.
=516  \\$aText (electronic journal).
=588  \\$aLatest issue consulted: Vol. 23, no. 10 (Nov. 2003).
=540  \\$aCurrent copyright fee: GBP36.67$c76\0$5Uk
=650  \0$aInternal medicine$zUnited States$vPeriodicals.
=650  \0$aMedicine$xPractice$zUnited States$vPeriodicals.
=655  \0$aElectronic journals.
=776  08$iAlso issued in print as:$tACP observer
=710  2\$aAmerican College of Physicians (2003- )
=780  00$tACP-ASIM observer
=856  \\$31850-9999$uhttps://www.acponline.org/$xBLDSS
=856  41$uhttp://www.acpinternist.org/archives/$zFollow links to resource
=945  \\$aAMERICAN COLLEGE OF PHYSICIANS OBSERVER.
=979  \\$aBritish Library$bDSC$j0812.594200N
=985  \\$aCorrected by BSS-generated file for WR# 10/166
=A02  \\$a2452431
=CAT  \\$aCONV$b00$c20040502$lBLL01$h1100
=CAT  \\$aBATCH-UPD$b00$c20160824$lBLL01$h1937
=CAT  \\$aBATCH-UPD$b00$c20160825$lBLL01$h0139
=CAT  \\$aIPL-CLA$c20160930$lBLL01$h1502
=CAT  \\$aBATCH-UPD$b00$c20170216$lBLL01$h2032
=CAT  \\$aIPL-CLA$c20170331$lBLL01$h1750
=CAT  \\$aBATCH-UPD$b00$c20170904$lBLL01$h2102
=CAT  \\$aIPL-CLA$c20170929$lBLL01$h1630
=CAT  \\$aBATCH-UPD$b00$c20180223$lBLL01$h2001
=CAT  \\$aIPL-CLA$c20180331$lBLL01$h1518
=CAT  \\$aBATCH-UPD$b00$c20180823$lBLL01$h2013
=CAT  \\$aIPL-CLA$c20180930$lBLL01$h1430
=CAT  \\$aBATCH-UPD$b00$c20190829$lBLL01$h1618
=CAT  \\$aIPL-CLA$c20190930$lBLL01$h1609
=CAT  \\$aBATCH-UPD$b00$c20200219$lBLL01$h1618
=CAT  \\$aIPL-CLA$c20200331$lBLL01$h1543
=CAT  \\$aBATCH-UPD$b00$c20200522$lBLL01$h1544
=CAT  \\$aIPL-CLA$c20200701$lBLL01$h0022
=CAT  \\$aBATCH-UPD$b00$c20210226$lBLL01$h1125
=CAT  \\$aIPL-CLA$c20210331$lBLL01$h1654
=CAT  \\$aBATCH-UPD$b00$c20210707$lBLL01$h1648
=CAT  \\$aIPL-CLA$c20210707$lBLL01$h1841
=CAT  \\$aBATCH-UPD$b00$c20220520$lBLL01$h1733
=CAT  \\$aIPL-CLA$c20220630$lBLL01$h1532
=CAT  \\$aBATCH-UPD$b00$c20220824$lBLL01$h0951
=CAT  \\$aIPL-CLA$c20220930$lBLL01$h1422
=CFI  0\$aCurrent copyright fee: GBP36.67$c76\0$e01-oct-2022$fGBP36.67$g0$hP$5Uk
=CFI  2\$aPrevious copyright fee: GBP35.20$c76\0$e01-jul-2022$fGBP35.20$g0$hP$5Uk
=FFP  \\$aY$bBLDSS-3PM
=FIN  \\$aY
=LEO  \\$aMP10.0000044061
=SID  \\$aZ39$bOCLC
=SRC  \\$aDSS01$bbibmp10.200404.2.aa
=TCO  \\$aTRS$bCCC$c008
=TOC  \\$aETOC
=ACF  \\$aPrevious Copyright Fee: GBP18.71$c0$e01-apr-2012$fGBP18.71$g0$hC$5Uk
=ACF  \\$aPrevious Copyright Fee: GBP13.80$c0$e01-jan-2012$fGBP13.80$g0$hC$5Uk
=ACF  \\$aPrevious Copyright Fee: GBP13.80$c0$e01-oct-2011$fGBP13.80$g0$hC$5Uk
=ACF  \\$aPrevious Copyright Fee: GBP13.80$c0$e01-jul-2011$fGBP13.80$g0$hC$5Uk
=ACF  \\$aPrevious Copyright Fee: GBP12.60$c0$e01-jan-2011$fGBP12.60$g0$hC$5Uk
=ACF  \\$aPrevious Copyright Fee: GBP12.60$c0$e01-oct-2010$fGBP12.60$g0$hC$5Uk
=ACF  \\$aPrevious Copyright Fee: GBP12.60$c0$e01-jul-2010$fGBP12.60$g0$hC$5Uk
=ACF  \\$aPrevious Copyright Fee: GBP8.10$c0$e01-apr-2010$fGBP8.10$g0$hC$5Uk
=ACF  \\$aPrevious Copyright Fee: GBP8.10$c0$e01-Jan-2010$fGBP8.10$g0$hC$5Uk
=ACF  \\$aPrevious Copyright Fee: GBP8.10$c0$e01-oct-2009$fGBP8.10$g0$hC$5Uk
=ACF  \\$aPrevious Copyright Fee: GBP9.64$c0$e01-jul-2009$fGBP9.64$g0$hC$5Uk
=ACF  \\$aPrevious Copyright Fee: GBP9.64$c0$e01-apr-2009$fGBP9.64$g0$hC$5Uk
=ACF  \\$aPrevious Copyright Fee: GBP8.44$c0$e01-jan-2009$fGBP8.44$g0$hC$5Uk
=ACF  \\$aPrevious Copyright Fee: GBP6.75$c0$e01-oct-2008$fGBP6.75$g0$hC$5Uk
=ACF  \\$aPrevious Copyright Fee: GBP6.75$c0$e01-jul-2008$fGBP6.75$g0$hC$5Uk
=ACF  \\$aPrevious Copyright Fee: GBP5.75$c0$e01-apr-2008$fGBP5.75$g0$hC$5Uk
=ACF  \\$aPrevious Copyright Fee: GBP5.75$c0$e01-jan-2008$fGBP5.75$g0$hC$5Uk
=ACF  \\$aPrevious Copyright Fee: GBP5.75$c0$e01-oct-2007$fGBP5.75$g0$hC$5Uk
=ACF  \\$aPrevious Copyright Fee: GBP5.75$c0$e01-jul-2007$fGBP5.75$g0$hC$5Uk
=ACF  \\$aPrevious Copyright Fee: GBP5.90$c0$e01-apr-2007$fGBP5.90$g0$hC$5Uk
=ACF  \\$aPrevious Copyright Fee: GBP6.22$c0$e01-jan-2007$fGBP6.22$g0$hC$5Uk
=ACF  \\$aPrevious Copyright Fee: GBP6.22$c0$e01-oct-2006$fGBP6.22$g0$hC$5Uk
=ACF  \\$aPrevious Copyright Fee: GBP6.57$c0$e01-jul-2006$fGBP6.57$g0$hC$5Uk
=ACF  \\$aPrevious Copyright Fee: GBP6.57$c0$e01-apr-2006$fGBP6.57$g0$hC$5Uk
=ACF  \\$aPrevious Copyright Fee: GBP6.39$c0$e01-jan-2006$fGBP6.39$g0$hC$5Uk
=ACF  \\$aPrevious Copyright Fee: GBP6.22$c0$e01-oct-2005$fGBP6.22$g0$hC$5Uk
=ACF  \\$aPrevious Copyright Fee: GBP6.22$c0$e01-jul-2005$fGBP6.22$g0$hC$5Uk
=ACF  \\$aPrevious Copyright Fee: GBP6.22$c0$e01-apr-2005$fGBP6.22$g0$hC$5Uk
=ACF  \\$aPrevious Copyright Fee: GBP6.39$c0$e01-jan-2005$fGBP6.39$g0$hC$5Uk
=ACF  \\$aPrevious Copyright Fee: GBP6.22$c0$e01-oct-2004$fGBP6.22$g0$hC$5Uk
=ACF  \\$aPrevious copyright fee: GBP6.22$c0$e01-apr-2004$fGBP6.22$g0$hC$5Uk
=ACF  \\$aCurrent copyright fee: GBP6.76$c0$e01-jan-2004$fGBP6.76$g0$hC$5Uk
=ACF  \\$aCurrent copyright fee: GBP7.19$c0$e01-jan-2003$fGBP7.19$g0$hC$5Uk
=ACF  \\$aPrevious Copyright Fee: GBP25.81$c0$e01-oct-2012$fGBP25.81$g0$hC$5Uk
=ACF  \\$aPrevious Copyright Fee: GBP17.58$c0$e01-jul-2012$fGBP17.58$g0$hC$5Uk
=ACF  \\$aPrevious copyright fee: GBP26.27$c76\0$e13-nov-2012$fGBP26.27$g0$hP$5Uk
=ACF  \\$aPrevious copyright fee: GBP30.34$c76\0$e01-apr-2016$fGBP30.34$g0$hP$5Uk
=ACF  \\$aPrevious copyright fee: GBP32.59$c76\0$e01-oct-2016$fGBP32.59$g0$hP$5Uk
=ACF  \\$aPrevious copyright fee: GBP35.20$c76\0$e01-apr-2017$fGBP35.20$g0$hP$5Uk
=ACF  \\$aPrevious copyright fee: GBP33.85$c76\0$e01-oct-2017$fGBP33.85$g0$hP$5Uk
=ACF  \\$aPrevious copyright fee: GBP31.43$c76\0$e01-apr-2018$fGBP31.43$g0$hP$5Uk
=ACF  \\$aPrevious copyright fee: GBP33.85$c76\0$e01-oct-2018$fGBP33.85$g0$hP$5Uk
=ACF  \\$aPrevious copyright fee: GBP35.20$c76\0$e01-oct-2019$fGBP35.20$g0$hP$5Uk
=ACF  \\$aPrevious copyright fee: GBP33.85$c76\0$e01-apr-2020$fGBP33.85$g0$hP$5Uk
=ACF  \\$aPrevious copyright fee: GBP35.20$c76\0$e01-jul-2020$fGBP35.20$g0$hP$5Uk
=ACF  \\$aPrevious copyright fee: GBP31.11$c76\0$e01-apr-2021$fGBP31.11$g0$hP$5Uk
=ACF  \\$aPrevious copyright fee: GBP30.00$c76\0$e07-jul-2021$fGBP30.00$g0$hP$5Uk
=LAS  \\$aIPL-CLA$b00$c20220930$lBLL01$h1422

