=LDR  03775cas a2200925ua 4500
=001  005482300
=003  Uk
=005  20211231153435.0
=007  cr||||||||||||
=008  040409d1997200uenkbr\p\o\\\\\0\\\a0eng\\
=FMT  \\$a  SE
=019  c\$a2598940
=022  0\$a1470-8582$202
=040  \\$aUk$beng$cUk$dUk
=042  \\$aissnuk
=210  0\$aLancet neurol. netw.$b(Online)
=222  \0$aLancet neurology network$b(Online)
=245  00$aLancet neurology network$h[electronic resource].
=260  \\$aLondon :$bLancet Publishing Group
=310  \\$aBimonthly
=336  \\$atext$2rdacontent
=337  \\$acomputer$2rdamedia
=338  \\$aonline resource$2rdacarrier
=362  0\$aVol. 1, no. 1 (Feb. 1997)-
=595  \\$aSEE CARD INDEX.
=530  \\$aIssues for 1997-1999 also published in print as: Neurology network commentary.
=540  \\$aCurrent copyright fee: GBP34.30$c5\1$5Uk
=650  00$aNervous system$xDiseases$vPeriodicals.
=780  10$tNeurology network commentary$x1089-4969
=856  \\$31850-9999$uhttp://www.elsevier.com/journals$xBLDSS
=856  4\$uhttp://www.lancetneuronet.com/journal$zLink no longer valid
=945  \\$aLancet neurology network.
=979  \\$aBritish Library$bDSC$j5146.085000N
=985  \\$aCorrected by BSS-generated file for WR# 10/166
=A02  \\$a2598940
=CAT  \\$aCONV$b00$c20040502$lBLL01$h1102
=CAT  \\$aBATCH$b00$c20090101$lBLL01$h0113
=CAT  \\$aBATCH$b00$c20091206$lBLL01$h0005
=CAT  \\$aBLSS-CORR$b00$c20101119$lBLL01$h1711
=CAT  \\$aWR11_155$c20111021$lBLL01$h1322
=CAT  \\$aWR11_155$c20111114$lBLL01$h1644
=CAT  \\$aBATCH-UPD$b00$c20111123$lBLL01$h1849
=CAT  \\$aIPL-CLA$c20111230$lBLL01$h1632
=CAT  \\$aWR12-140$c20121031$lBLL01$h1715
=CAT  \\$aBATCH-CLA$b00$c20121102$lBLL01$h1750
=CAT  \\$aBATCH-UPD$b00$c20121121$lBLL01$h1652
=CAT  \\$aIPL-CLA$c20121231$lBLL01$h1237
=CAT  \\$aIPL-CLA$c20130102$lBLL01$h1633
=CAT  \\$aWR13.005$c20130329$lBLL01$h1244
=CAT  \\$a6537$b40$c20140819$lBLL01$h0848
=CAT  \\$aBLDSS-3PM$b00$c20141222$lBLL01$h1700
=CAT  \\$a8874$b40$c20150219$lBLL01$h0857
=CAT  \\$aBATCH-UPD$b40$c20160413$lBLL01$h1759
=CAT  \\$aBATCH-UPD$b40$c20171121$lBLL01$h1722
=CAT  \\$aBATCH-UPD$b40$c20171121$lBLL01$h1935
=CAT  \\$a10806$b40$c20171124$lBLL01$h1415
=CAT  \\$aIPL-CLA$c20171231$lBLL01$h1105
=CAT  \\$aBATCH-UPD$b00$c20190521$lBLL01$h1416
=CAT  \\$aIPL-CLA$c20190630$lBLL01$h1510
=CAT  \\$aBATCH-UPD$b00$c20211119$lBLL01$h1534
=CAT  \\$aIPL-CLA$c20211231$lBLL01$h1534
=CFI  0\$aCurrent copyright fee: GBP34.30$c5\1$e01-jan-2022$fGBP34.30$g0$hP$5Uk
=CFI  2\$aPrevious copyright fee: GBP32.84$c5\1$e01-jul-2019$fGBP32.84$g0$hP$5Uk
=FFP  \\$aY$bBLDSS-3PM
=FIN  \\$aY
=LEO  \\$aMP10.0000338311
=LEO  \\$aMP22.0000064412
=SRC  \\$aDSS01$bbibmp10.200404.2.aa
=SRC  \\$aISN01$bbibmp22.200404.2.aa
=TCO  \\$aCLA$bCLA$c008
=TOC  \\$aETOC
=ACF  \\$aPrevious copyright fee: GBP19.00$c5\3$e01-jan-2008$fGBP19.00$g0$hP$5Uk
=ACF  \\$aPrevious copyright fee: GBP18.00$c5\3$e01-apr-2004$fGBP18.00$g0$hP$5Uk
=ACF  \\$aCurrent copyright fee: GBP20.00$c5\3$e01-jan-2003$fGBP20.00$g0$hP$5Uk
=ACF  \\$aCurrent copyright fee: GBP15.00$c5\3$e04-sep-2002$fGBP15.00$g0$hP$5Uk
=ACF  \\$aPrevious copyright fee: GBP20.00$c5\1$e01-jan-2009$fGBP20.00$g0$hP$5Uk
=ACF  \\$aPrevious copyright fee: GBP21.00$c5\1$e01-jan-2012$fGBP21.00$g0$hP$5Uk
=ACF  \\$aPrevious copyright fee: GBP22.50$c5\1$e01-jan-2013$fGBP22.50$g0$hP$5Uk
=ACF  \\$aPrevious copyright fee: GBP23.40$c5\1$e01-jan-2018$fGBP23.40$g0$hP$5Uk
=LAS  \\$aIPL-CLA$b00$c20211231$lBLL01$h1534

