=LDR  03645 as a22009013a 4500
=001  005484092
=003  Uk
=005  20200331154422.0
=006  m\\\\\\\\d\|\\\\\\
=007  cr||||||||||||
=008  040409c199u9999enkuu\p\s\\\\\0\\\a0eng\\
=FMT  \\$a  SE
=019  c\$a2615196
=022  0\$a1368-5295
=040  \\$aUk$beng$cUk$dUk
=042  \\$aukblsr
=210  0\$aLinguist. abstr. online
=222  \0$aLinguistics abstracts online
=245  00$aLinguistics abstracts online.
=246  13$aLABS
=260  \\$a[Oxford] :$bBlackwell
=264  31$a[Oxford] :$bWiley-Blackwell
=336  \\$atext$2rdacontent
=337  \\$acomputer$2rdamedia
=338  \\$aonline resource$2rdacarrier
=540  \\$aCurrent copyright fee: GBP32.00$c35\0$5Uk
=776  08$iAlso issued in print as:$tLinguistics abstracts$x0267-5498
=856  \\$31850-9999$uhttp://onlinelibrary.wiley.com/$xBLDSS
=856  4\$uhttp://www.linguisticsabstracts.com/default.aspx$zTo subscribe
=945  \\$aLINGUISTICS ABSTRACTS ONLINE -ELECTRONIC EDITION-.
=979  \\$aBritish Library$bDSC$j5221.375500N
=985  \\$aCorrected by BSS-generated file for WR# 10/166
=985  \\$aISSN responsibility transferred to U.S. ISSN Center from ISSN UK Centre, Wiley, Multinational Publisher List, Summer 2017.
=A02  \\$a2615196
=CAT  \\$aCONV$b00$c20040502$lBLL01$h1102
=CAT  \\$aBATCH-UPD$b00$c20060901$lBLL01$h0932
=CAT  \\$aBATCH-UPD$b00$c20060901$lBLL01$h1018
=CAT  \\$aBATCH$b00$c20091206$lBLL01$h0005
=CAT  \\$aBLSS-CORR$b00$c20101119$lBLL01$h1711
=CAT  \\$aWR12-140$c20121031$lBLL01$h1715
=CAT  \\$aBATCH-CLA$b00$c20121103$lBLL01$h1041
=CAT  \\$aWR12_168$c20121206$lBLL01$h1807
=CAT  \\$aWR13.005$c20130329$lBLL01$h1245
=CAT  \\$aBLDSS-3PM$b00$c20141214$lBLL01$h1513
=CAT  \\$a8874$b40$c20141215$lBLL01$h0953
=CAT  \\$aBATCH-UPD$b40$c20150215$lBLL01$h1606
=CAT  \\$aIPL-CLA$c20150228$lBLL01$h2030
=CAT  \\$aBATCH-UPD$b00$c20160413$lBLL01$h1759
=CAT  \\$aBATCH-UPD$b00$c20160923$lBLL01$h1740
=CAT  \\$a5410$b40$c20161122$lBLL01$h1149
=CAT  \\$a10806$b40$c20161128$lBLL01$h1113
=CAT  \\$aW1703-0316$c20170306$lBLL01$h1816
=CAT  \\$aW1703-0316$c20170307$lBLL01$h1641
=CAT  \\$aIPL-CLA$c20170307$lBLL01$h1820
=CAT  \\$a11205$b40$c20170804$lBLL01$h1539
=CAT  \\$aBATCH-UPD$b40$c20180219$lBLL01$h1704
=CAT  \\$aBATCH-UPD$b40$c20181121$lBLL01$h1611
=CAT  \\$aIPL-CLA$c20181231$lBLL01$h1519
=CAT  \\$aBATCH-UPD$b00$c20200219$lBLL01$h1536
=CAT  \\$aIPL-CLA$c20200331$lBLL01$h1544
=CFI  0\$aCurrent copyright fee: GBP32.00$c35\0$e01-apr-2020$fGBP32.00$g0$hP$5Uk
=CFI  2\$aPrevious copyright fee: GBP28.00$c35\0$e01-jan-2019$fGBP28.00$g0$hP$5Uk
=FFP  \\$aY$bBLDSS-3PM
=FIN  \\$aY
=LEO  \\$aMP10.0000346226
=LEO  \\$aMP22.0000054797
=LET  \0$aLinguistics abstracts online
=SRC  \\$aISN01$bbibmp22.200404.2.aa
=SRC  \\$aDSS01$bbibmp10.200404.2.aa
=TCO  \\$aCLA$bCLA$c008
=UNO  \\$aY
=ACF  \\$aCurrent copyright fee: GBP13.00$c10\0$e01-apr-2003$fGBP13.00$g0$hP$5Uk
=ACF  \\$aCurrent copyright fee: GBP13.00$c10\6$e07-mar-2002$fGBP13.00$g0$hP$5Uk
=ACF  \\$aPrevious copyright fee: GBP15.00$c10\0$e01-apr-2004$fGBP15.00$g0$hP$5Uk
=ACF  \\$aPrevious copyright fee: GBP22.00$c10\0$e01-jan-2006$fGBP22.00$g0$hP$5Uk
=ACF  \\$aPrevious copyright fee: GBP24.00$c10\0$e01-mar-2015$fGBP24.00$g0$hP$5Uk
=ACF  \\$aPrevious copyright fee: GBP24.00$c35\0$e07-mar-2017$fGBP24.00$g0$hP$5Uk
=LAS  \\$aIPL-CLA$b00$c20200331$lBLL01$h1544

