=LDR  03669cam a2200673 i 4500
=001  020452025
=003  Uk
=005  20230719012719.0
=008  220112s2022\\\\si\a\\\\\b\\\\000|0|eng|d
=FMT  \\$a  BK
=015  \\$aGBC208428$2bnb
=016  7\$a020452025$2Uk
=020  \\$a9789811649226$qhardback
=020  \\$z9789811649233$qebook
=040  \\$aStDuBDS$beng$cStDuBDS$dUk$erda
=042  \\$aukblsr
=082  04$a610.284$223
=245  00$aMultifaceted biomedical applications of graphene /$cedited by Dong-Wook Han, Suck Won Hong.
=264  \1$aSingapore :$bSpringer,$c2022.
=300  \\$aviii, 264 pages :$billustrations (black and white, and colour) ;$c24 cm.
=336  \\$atext$2rdacontent
=336  \\$astill image$2rdacontent
=337  \\$aunmediated$2rdamedia
=338  \\$avolume$2rdacarrier
=490  0\$aAdvances in experimental medicine and biology,$x0065-2598 ;$v1351
=500  \\$aFormerly CIP.$5Uk
=504  \\$aIncludes bibliographical references.
=505  0\$aI. Basic Features and Potential Toxicity of Graphene Family Nanomaterials -- Principles and Biomedical Application of Graphene Family Nanomaterials -- Differential Toxicity of Graphene Family Nanomaterials Concerning Morphology -- II. Graphene-based Nanomaterials as Scaffolds for Stem Cell Fate Modulation and Tissue Regeneration -- Graphene-based Materials for Efficient Neurogenesis -- Functional Graphene Nanomaterials-based Hybrid Scaffolds for Osteogenesis and Chondrogenesis -- Role of Graphene Family Nanomaterials in Skin Wound Healing and Regeneration -- III. Graphene as Agents for Drug Delivery, Bioimaging, Theranostics, and Therapeutics -- Graphene-based Nanomaterials as Drug Delivery Carriers -- Graphene-based Nanomaterials for Biomedical Imaging -- Graphene -- A Promising Theranostic Agent -- Graphene as Photo-thermal Therapeutic Agents -- IV. Graphene for Nanobiosensors, Biochips, and Antibacterial Agents -- Graphene for Nanobiosensors and Nanobiochips -- Antibacterial Activity of Graphene-based Nanomaterials -- Conclusions -- Reflections and Outlook on Multifaceted Biomedical Applications of Graphene.
=530  \\$aAlso published electronically.
=540  \\$aCurrent copyright fee: GBP19.00$c42\0$5Uk
=650  \0$aBiomedical materials.
=650  \0$aGraphene$xIndustrial applications.
=650  \7$aBiomedical materials.$2fast$0(OCoLC)fst00832586
=650  12$aGraphite.
=650  12$aNanostructures.
=700  1\$aHan, Dong-Wook,$eeditor.
=700  1\$aHong, Suck Won,$eeditor.
=830  \0$aAdvances in experimental medicine and biology ;$v1351.
=856  \\$31850-9999$uhttp://link.springer.com/$xBLDSS
=856  \\$31850-9999$uhttp://link.springer.com/$xBLDSS
=856  41$uhttp://prxy.lib.unbc.ca/login?url=https://doi.org/10.1007/978-981-16-4923-3$zOnline resource
=BUF  \\$aN$d20220314
=CAT  \\$aBATCH-CIPN$b00$c20220118$lBLL01$h1701
=CAT  \\$a8411$b40$c20220314$lBLL01$h1448
=CAT  \\$aBATCH-CLA$b00$c20220315$lBLL01$h0106
=CAT  \\$aBATCH-UNOA$c20220315$lBLL01$h2355
=CAT  \\$aBATCH-CLA$b00$c20220316$lBLL01$h0117
=CAT  \\$aBLDSS-3PM$b00$c20220323$lBLL01$h0920
=CAT  \\$aBATCH-UPD$b00$c20220323$lBLL01$h0921
=CAT  \\$aBATCH-CLA$b00$c20220324$lBLL01$h0105
=CAT  \\$a15005$b40$c20220407$lBLL01$h0947
=CAT  \\$aBATCH-CLA$b00$c20220408$lBLL01$h0106
=CAT  \\$aBATCH-BUOC$b00$c20230713$lBLL01$h2115
=CAT  \\$aBATCH-UNOA$c20230719$lBLL01$h0127
=CFI  0\$aCurrent copyright fee: GBP19.00$c42\0$e01-jul-2018$fGBP19.00$g0$hP$5Uk
=FFP  \\$aY$bBLDSS-3PM
=FIN  \\$aY$d20220314
=UNO  \\$aY
=LAS  \\$aBATCH-UNOA$b00$c20230719$lBLL01$h0127

