=LDR  02404cas a22006257i 4500
=001  017442727
=003  Uk
=005  20211231154723.0
=006  m\\\\\\\\d\|\\\\\\
=007  cr||||||||||||
=008  150713c19719999enkwr\p\o\\\\\0\\\a0eng\\
=FMT  \\$a  SE
=022  0\$a2059-5387$202
=040  \\$aUk$beng$cUk$erda
=042  \\$aissnuk
=210  0\$aNew sci.$b(Online)
=222  \0$aNew scientist$b(Online)
=245  00$aNew scientist.
=264  \1$aLondon :$bReed Business Information Ltd.
=310  \\$aWeekly
=336  \\$atext$2rdacontent
=337  \\$acomputer$2rdamedia
=338  \\$aonline resource$2rdacarrier
=588  \\$aDescription based on: volume 219, no. 2925 (13 July, 2013); title from PDF cover.
=540  \\$aCurrent copyright fee: GBP34.30$c5\1$5Uk
=776  08$iAlso issued in print as:$tNew scientist (1971)$x0262-4079
=776  08$iAlso available in cumulated form as:$tNew scientist CD-ROM$x1356-1766
=856  \\$31850-9999$uhttp://www.sciencedirect.com/$xBLDSS
=856  40$uhttps://www.newscientist.com/$zTo subscribe
=945  \\$aNew scientist.
=979  \\$aBritish Library$bDSC$j6087.800000
=985  \\$aISSN RDA COMPLETION - TO BE CATALOGUED BY RDA TRAINED CATALOGUERS.
=CAT  \\$a10806$b40$c20150713$lBLL01$h1401
=CAT  \\$a10806$b40$c20150811$lBLL01$h1424
=CAT  \\$a5552$b40$c20160119$lBLL01$h0911
=CAT  \\$aBLDSS-3PM$b00$c20160201$lBLL01$h1812
=CAT  \\$aBATCH-UPD$b00$c20160413$lBLL01$h1829
=CAT  \\$a5552$b40$c20170324$lBLL01$h0836
=CAT  \\$a5410$b40$c20170427$lBLL01$h1153
=CAT  \\$aBATCH-UPD$b40$c20171121$lBLL01$h1756
=CAT  \\$aIPL-CLA$c20171231$lBLL01$h1829
=CAT  \\$aBATCH-UPD$b00$c20190521$lBLL01$h1447
=CAT  \\$aIPL-CLA$c20190630$lBLL01$h1549
=CAT  \\$aBATCH-UPD$b00$c20211119$lBLL01$h1603
=CAT  \\$aIPL-CLA$c20211231$lBLL01$h1547
=CFI  0\$aCurrent copyright fee: GBP34.30$c5\1$e01-jan-2022$fGBP34.30$g0$hP$5Uk
=CFI  2\$aPrevious copyright fee: GBP32.84$c5\1$e01-jul-2019$fGBP32.84$g0$hP$5Uk
=FFP  \\$aY$bBLDSS-3PM
=FIN  \\$aY$d20150713
=LET  \0$aNew scientist (Electronic)
=MNI  \\$a0262-4079
=TOC  \\$aETOC
=ACF  \\$aPrevious Copyright Fee: GBP22.50$c5\1$e19-jan-2016$fGBP22.50$g0$hP$5Uk
=ACF  \\$aPrevious copyright fee: GBP23.40$c5\1$e01-jan-2018$fGBP23.40$g0$hP$5Uk
=LAS  \\$aIPL-CLA$b00$c20211231$lBLL01$h1547

