=LDR  02482cas a22006137i 4500
=001  018136685
=003  Uk
=005  20221231233953.0
=006  m\\\\\\\\d\|||||||
=007  cr||||||||||||
=008  161209c20099999enkdr\p\o\\\\\0\\\a0eng\\
=FMT  \\$a  SE
=022  0\$a2515-9615$202
=040  \\$aUk$beng$cUk$erda
=042  \\$aissnuk
=222  \0$aBMJ best practice
=245  00$aBMJ best practice.
=246  3\$aBritish Medical Journal best practice
=264  \1$aLondon :$bBMJ Publishing Group Ltd
=310  \\$aDaily
=336  \\$atext$2rdacontent
=337  \\$acomputer$2rdamedia
=338  \\$aonline resource$2rdacarrier
=588  \\$aISSN description based on: articles dated 31st January 2018 ; title from resource homepage (viewed February 1, 2018).
=540  \\$aCurrent copyright fee: GBP83.00$c118\0$5Uk
=856  4\$31850-9999$uhttp://www.bmj.com/archive$xBLDSS
=856  40$uhttp://bestpractice.bmj.com/$zTo subscribe
=945  \\$aBMJ best practice.
=979  \\$aBritish Library$bDSC$j2116.177100N
=985  \\$a3rd party access title for Remote supply please retain as base record when merging/deleting
=CAT  \\$a5552$b40$c20161209$lBLL01$h1213
=CAT  \\$aBLDSS-3PM$b00$c20161215$lBLL01$h1024
=CAT  \\$aBATCH-UPD$b00$c20161215$lBLL01$h1026
=CAT  \\$aBATCH-UPD$b00$c20171121$lBLL01$h1630
=CAT  \\$aIPL-CLA$c20171231$lBLL01$h1833
=CAT  \\$a10973$b40$c20180201$lBLL01$h1339
=CAT  \\$aBATCH-UPD$b40$c20190708$lBLL01$h1414
=CAT  \\$aIPL-CLA$c20190708$lBLL01$h1438
=CAT  \\$aBATCH-UPD$b00$c20191122$lBLL01$h1850
=CAT  \\$aIPL-CLA$c20191231$lBLL01$h2043
=CAT  \\$aBATCH-UPD$b00$c20211119$lBLL01$h1513
=CAT  \\$aIPL-CLA$c20211231$lBLL01$h1736
=CAT  \\$a8055$b40$c20221118$lBLL01$h1534
=CAT  \\$aIPL-CLA$c20221231$lBLL01$h2339
=CFI  0\$aCurrent copyright fee: GBP83.00$c118\0$e01-jan-2023$fGBP83.00$g0$hP$5Uk
=CFI  2\$aPrevious copyright fee: GBP79.00$c118\0$e01-jan-2022$fGBP79.00$g0$hP$5Uk
=FFP  \\$aY$bBLDSS-3PM
=FIN  \\$aY$d20180201
=UNO  \\$aY
=ACF  \\$aPrevious Copyright Fee: GBP28.00$c118\0$e09-dec-2016$fGBP28.00$g0$hP$5Uk
=ACF  \\$aPrevious copyright fee: GBP35.00$c118\0$e01-jan-2018$fGBP35.00$g0$hP$5Uk
=ACF  \\$aPrevious copyright fee: GBP45.00$c118\0$e08-jul-2019$fGBP45.00$g0$hP$5Uk
=ACF  \\$aPrevious copyright fee: GBP75.00$c118\0$e01-jan-2020$fGBP75.00$g0$hP$5Uk
=LAS  \\$aIPL-CLA$b00$c20221231$lBLL01$h2339

