=LDR  02663cas a22006137i 4500
=001  016425491
=003  Uk
=005  20220728064822.0
=006  m\\\\\\\\d\|\\\\\\
=007  cr||||||||||||
=008  130606d18701963enk\x\p\o\\\\\0\\\a0eng\\
=FMT  \\$a  SE
=022  0\$a2052-9414$202
=040  \\$aUk$beng$cUk$erda
=042  \\$aissnuk
=222  \0$aTransactions of the Edinburgh Geological Society$b(Online)
=245  00$aTransactions of the Edinburgh Geological Society.
=264  \1$aBath :$bGeological Society
=336  \\$atext$2rdacontent
=337  \\$acomputer$2rdamedia
=338  \\$aonline resource$2rdacarrier
=540  \\$aCurrent copyright fee: GBP25.00$c113\0$5Uk
=710  2\$aGeological Society of Glasgow,$eissuing body.
=776  08$iAlso issued in print as:$tTransactions of the Edinburgh Geological Society$x0371-6260
=785  07$tTransactions of the Geological Society of Glasgow$x2052-9422
=785  07$tScottish journal of geology$x2041-4951
=856  \\$31850-9999$uhttps://www.geolsoc.org.uk/publications$xBLDSS
=856  4\$uhttp://www.geolsoc.org.uk/lyellcollection$zTo subscribe
=856  4\$uhttps://www.lyellcollection.org/journal/trned$zTo subscribe
=945  \\$aTransactions- Edinburgh Geological Society.
=979  \\$aBritish Library$bDSC$j8931.000000
=985  \\$aISSN UK Centre note: Online digitised version of ISSN 0371-6260 (title ceased in 1963).
=CAT  \\$a11313$b40$c20130606$lBLL01$h0852
=CAT  \\$a8124$b40$c20140521$lBLL01$h1127
=CAT  \\$a8124$b40$c20140521$lBLL01$h1138
=CAT  \\$a8124$b40$c20140521$lBLL01$h1143
=CAT  \\$a6537$b40$c20141007$lBLL01$h0958
=CAT  \\$a5552$b40$c20150507$lBLL01$h1349
=CAT  \\$aBLDSS-3PM$b00$c20150522$lBLL01$h1544
=CAT  \\$aBATCH-UPD$b00$c20160413$lBLL01$h1826
=CAT  \\$a5552$b40$c20170213$lBLL01$h1139
=CAT  \\$a5410$b40$c20170224$lBLL01$h0838
=CAT  \\$aBATCH-UPD$b40$c20190829$lBLL01$h1458
=CAT  \\$aIPL-CLA$c20190930$lBLL01$h1652
=CAT  \\$a10973$b40$c20220728$lBLL01$h0648
=CFI  0\$aCurrent copyright fee: GBP25.00$c113\0$e01-oct-2019$fGBP25.00$g0$hP$5Uk
=CFI  2\$aPrevious Copyright Fee: GBP20.00$c113\0$e07-may-2015$fGBP20.00$g0$hP$5Uk
=FFP  \\$aY$bBLDSS-3PM
=FIN  \\$aY$d20140521
=LET  \0$aTransactions of the Edinburgh Geological Society (Electronic)
=LKR  \\$aPAR$b001036381$lBLL01$nTransactions of the Edinburgh$mTransactions of the Edinburgh$r776
=LKR  \\$aPAR$b015301261$lBLL01$r78507$mTransactions of the Edinburgh Geological Society (Online)$nScottish journal of geology (Online)
=UNO  \\$aY
=LAS  \\$a10973$b40$c20220728$lBLL01$h0648

