=LDR  02427 as a22005777i 4500
=001  016493644
=003  Uk
=005  20190718104150.0
=006  m\\\\\\\\d\|\\\\\\
=007  cr||||||||||||
=008  130910d19812003stkfr\p\o\\\\\0\\\a0eng\\
=FMT  \\$a  SE
=022  0\$a2053-7816$202
=040  \\$aUk$beng$cUk$erda
=042  \\$aissnuk
=082  04$a941.1$223
=210  0\$aScott. econ. soc. hist.$b(Online)
=222  \0$aScottish economic and social history$b(Online)
=245  00$aScottish economic and social history :$bthe journal of the Economic and Social History Society of Scotland.
=260  \\$aGlasgow (Department of Economic History, University of Glasgow, Adam Smith Building, Glasgow G12 8RT) :$bThe Society,$c1981-2004.
=264  31$aEdinburgh :$bEdinburgh University Press
=310  \\$aSemiannual
=336  \\$atext$2rdacontent
=337  \\$acomputer$2rdamedia
=338  \\$aonline resource$2rdacarrier
=580  \\$aIssues listed under Web site of later title.
=588  \\$aDescription based on print version record.
=588  \\$aLatest issue consulted: volume 23, number 2 (2003) (Edinburgh University Press, viewed September 10, 2013).
=540  \\$aCurrent copyright fee: GBP15.00$c121\0$5Uk
=710  2\$aEconomic and Social History Society of Scotland.
=776  08$iAlso issued in print as:$tScottish economic and social history$x0269-5030
=785  10$tJournal of Scottish historical studies (Online)$x1748-538X
=856  \\$31850-9999$uhttp://www.euppublishing.com/journals$xBLDSS
=856  4\$uhttp://www.euppublishing.com/loi/jshs$zFollow links to issues
=945  \\$aScottish economic and social history.
=979  \\$aBritish Library$bDSC$j8206.825000
=985  \\$aISSN RECORD FOR DIGITAL REPRODUCTION.
=CAT  \\$a11316$b40$c20130910$lBLL01$h1125
=CAT  \\$a5552$b40$c20160906$lBLL01$h1152
=CAT  \\$aBLDSS-3PM$b00$c20160915$lBLL01$h1525
=CAT  \\$aBATCH-UPD$b00$c20160915$lBLL01$h1526
=CAT  \\$aBATCH-UPD$b00$c20161122$lBLL01$h1453
=CAT  \\$aIPL-CLA$c20161231$lBLL01$h0013
=CAT  \\$a5552$b40$c20190718$lBLL01$h1041
=CFI  0\$aCurrent copyright fee: GBP15.00$c121\0$e01-jan-2017$fGBP15.00$g0$hP$5Uk
=CFI  2\$aPrevious Copyright Fee: GBP12.30$c121\0$e06-sep-2016$fGBP12.30$g0$hP$5Uk
=FFP  \\$aY$bBLDSS-3PM
=FIN  \\$aY$d20130910
=TOC  \\$aETOC
=UNO  \\$aY
=LAS  \\$a5552$b40$c20190718$lBLL01$h1041

