=LDR  01996 as a22005417i 4500
=001  016799999
=003  Uk
=005  20161005134405.0
=006  m\\\\\\\\d\|\\\\\\
=007  cr||||||||||||
=008  140728c19999999enk\x\m\o\\\\\0\\\a0eng\\
=FMT  \\$a  SE
=022  0\$a2056-5925$y1535-1203$202
=040  \\$aUk$beng$cUk$erda
=042  \\$aissnuk
=222  \0$aAdvances in global leadership$b(Online)
=245  00$aAdvances in global leadership.
=264  \1$aBingley :$bEmerald
=310  \\$aIrregular
=336  \\$atext$2rdacontent
=337  \\$acomputer$2rdamedia
=338  \\$aonline resource$2rdacarrier
=540  \\$aCurrent Copyright Fee: GBP30.00$c25\0$5Uk
=776  08$iAlso issued in print as:$tAdvances in global leadership$x1535-1203
=856  \\$31850-9999$uhttp://www.emeraldinsight.com/$xBLDSS
=856  40$uhttp://www.emeraldinsight.com/books.htm?issn=1535-1203$zLogin required
=945  \\$aAdvances in global leadership.
=979  \\$aBritish Library$bDSC$j0709.007220
=985  \\$aISSN description based on: Vol. 2 (2001); viewed July 28 2014.
=985  \\$aISSN RDA COMPLETION - TO BE CATALOGUED BY RDA TRAINED CATALOGUERS.
=CAT  \\$a11313$b40$c20140728$lBLL01$h0947
=CAT  \\$aBATCH-CLA$b00$c20140829$lBLL01$h1547
=CAT  \\$aIPL-CLA$c20140930$lBLL01$h1638
=CAT  \\$aBATCH-CLA$b00$c20151127$lBLL01$h1631
=CAT  \\$aWR15058$c20151230$lBLL01$h1441
=CAT  \\$a5552$b40$c20160208$lBLL01$h1229
=CAT  \\$aBLDSS-3PM$b00$c20160215$lBLL01$h1032
=CAT  \\$aBATCH-UPD$b00$c20160413$lBLL01$h1828
=CAT  \\$aBATCH-UPD$b00$c20160524$lBLL01$h2215
=CAT  \\$aBATCH-UPD$b00$c20160525$lBLL01$h0058
=CAT  \\$a5552$b40$c20161005$lBLL01$h1344
=CFI  0\$aCurrent Copyright Fee: GBP30.00$c25\0$e08-feb-2016$fGBP30.00$g0$hP$5Uk
=FFP  \\$aY$bBLDSS-3PM
=FIN  \\$aY$d20140728
=LET  \0$aAdvances in global leadership (Electronic)
=TOC  \\$aETOC
=UNO  \\$aY
=LAS  \\$a5552$b40$c20161005$lBLL01$h1344

