=LDR  02395 as a22005657i 4500
=001  016824324
=003  Uk
=005  20190122115731.0
=006  m\\\\\\\\d\|\\\\\\
=007  cr||||||||||||
=008  140813d19831988enkqr\p\o\\\\\0\\\a0eng\\
=FMT  \\$a  SE
=022  0\$a2056-4562$202
=040  \\$aUk$beng$cUk$erda
=042  \\$aissnuk
=082  0\$a636.082105$223
=210  0\$aGénét. sél. évol.$b(Paris. Online)
=222  \0$aGénétique sélection évolution$b(Paris. Online)
=245  00$aGénétique, sélection, évolution.
=260  \\$a[Paris] :$bCentre national de la recherche scientifique [et] Institut national de la recherche agronomique,$c1983-1988.
=264  31$aLondon :$bBioMed Central
=310  \\$aQuarterly
=336  \\$atext$2rdacontent
=337  \\$acomputer$2rdamedia
=338  \\$aonline resource$2rdacarrier
=540  \\$aCurrent copyright fee: zero$c22\1$5Uk
=588  \\$aDescription based on print version record.
=580  \\$aSome providers list issues under later title: Genetics selection evolution.
=588  \\$aLatest issue consulted: volume 20 (1988) (BioMed Central, viewed August 13, 2014).
=710  2\$aCentre national de la recherche scientifique (France)
=710  2\$aInstitut national de la recherche agronomique (France)
=776  08$iAlso issued in print as:$tGénétique, sélection, évolution.$x0754-0264
=780  00$tAnnales de génétique et de sélection animale$x2056-4554
=785  10$tGenetics, selection, evolution$x1297-9686
=856  \\$31850-9999$uhttp://link.springer.com/$xBLDSS
=856  4\$uhttp://www.gsejournal.org/archive$zFollow links to resource
=856  4\$uhttp://www.ncbi.nlm.nih.gov/pmc/journals/847/$zFollow links to resource
=945  \\$aGenetique selection evolution.
=979  \\$aBritish Library$bDSC$j4115.545000
=985  \\$aISSN RECORD FOR DIGITAL REPRODUCTION. Assigned at request of ISSN France.
=CAT  \\$a11316$b40$c20140813$lBLL01$h1206
=CAT  \\$a5552$b40$c20190122$lBLL01$h1157
=CAT  \\$aBATCH-UPD$b40$c20190123$lBLL01$h0053
=CAT  \\$aBLDSS-3PM$b00$c20190130$lBLL01$h1513
=CAT  \\$aBATCH-UPD$b00$c20190130$lBLL01$h1516
=CFI  0\$aCurrent copyright fee: zero$c22\1$e22-jan-2019$fGBP0.00$g0$hP$5Uk
=FFP  \\$aY$bBLDSS-3PM
=FIN  \\$aY$d20140813
=UNO  \\$aY
=LAS  \\$aBATCH-UPD$b00$c20190130$lBLL01$h1516

