=LDR  02567 as a22006497i 4500
=001  016860628
=003  Uk
=005  20180411120045.0
=006  m\\\\\\\\d\|\\\\\\
=007  cr||||||||||||
=008  140905c19839999enk\x\p\o\\\\\0\\\a0eng\\
=FMT  \\$a  SE
=022  0\$a1747-3667$202
=040  \\$aUk$beng$cUk$erda
=042  \\$aissnuk
=082  04$a616.132$222
=210  0\$aJ. hypertens., Suppl.$b(Online)
=222  \0$aJournal of hypertension. Supplement$b(Online)
=245  00$aJournal of hypertension.$pSupplement.
=246  30$aHypertension
=260  \\$aLondon ;$aNew York :$bGower Academic Journals
=260  2\$aLondon :$bLippincott Williams & Wilkins
=264  31$a[London] :$bWolters Kluwer Health, Lippincott Williams & Wilkins
=336  \\$atext$2rdacontent
=337  \\$acomputer$2rdamedia
=338  \\$aonline resource$2rdacarrier
=588  \\$aDescription based on print version record.
=588  \\$aLatest issue consulted: Volume 31, supplement 1 (March 2013) (publisher's Web site, viewed September 5, 2014).
=540  \\$aCurrent copyright fee: GBP32.00$c20\0$5Uk
=710  2\$aInternational Society of Hypertension.
=710  2\$aEuropean Society of Hypertension.
=772  0\$tJournal of hypertension (Online)$x1473-5598
=776  08$iAlso issued in print as:$tJournal of hypertension. Supplement$x0952-1178
=856  \\$31850-9999$uhttp://journals.lww.com/pages/default.aspx$xBLDSS
=856  4\$uhttp://journals.lww.com/jhypertension/pages/default.aspx$zFollow links to resource
=945  \\$aJOURNAL OF HYPERTENSION -SUPPLEMENT-
=979  \\$aBritish Library$bDSC$j5004.510010
=CAT  \\$a11316$b40$c20140905$lBLL01$h1119
=CAT  \\$a11316$b40$c20140905$lBLL01$h1123
=CAT  \\$a11316$b40$c20140905$lBLL01$h1507
=CAT  \\$a5552$b40$c20160120$lBLL01$h1155
=CAT  \\$aBLDSS-3PM$b00$c20160201$lBLL01$h1812
=CAT  \\$aBATCH-UPD$b00$c20160217$lBLL01$h1713
=CAT  \\$aIPL-CLA$c20160331$lBLL01$h1817
=CAT  \\$aBATCH-UPD$b00$c20160413$lBLL01$h1828
=CAT  \\$aBATCH-UPD$b00$c20160524$lBLL01$h2200
=CAT  \\$aBATCH-UPD$b00$c20160524$lBLL01$h2307
=CAT  \\$a5552$b40$c20170420$lBLL01$h1114
=CAT  \\$a5410$b40$c20180411$lBLL01$h1200
=CFI  0\$aCurrent copyright fee: GBP32.00$c20\0$e01-apr-2016$fGBP32.00$g0$hP$5Uk
=CFI  2\$aPrevious copyright fee: GBP30.32$c20\0$e20-jan-2016$fGBP30.32$g0$hP$5Uk
=FFP  \\$aY$bBLDSS-3PM
=FIN  \\$aY$d20140905
=MNI  \\$a0952-1178
=TOC  \\$aETOC
=UNO  \\$aY
=LAS  \\$a5410$b40$c20180411$lBLL01$h1200

