=LDR  02542cas a2200553 a 4500
=001  016881406
=003  Uk
=005  20221123015314.0
=006  m\\\\\\\\d\\\\\\\\
=007  cr\|||||||||||
=008  070508c20049999hu\ar\pso\\\\\0\\\a0eng\d
=FMT  \\$a  SE
=022  \\$a1787-0321$l1786-335X$y1786-335X
=035  \\$a(OCoLC)615307441
=040  \\$aQE2$cQE2$dOCLCQ$dOCLCF$dUk
=050  \4$aS675$b.P763
=082  04$a630$223
=130  0\$aProgress in agricultural engineering sciences (Online)
=222  \0$aProgress in agricultural engineering sciences$b(Online)
=245  10$aProgress in agricultural engineering sciences$h[electronic resource].
=260  \\$a[Budapest, Hungary] :$bAkadémiai Kiadó
=310  \\$aAnnual
=336  \\$atext$2rdacontent
=337  \\$acomputer$2rdamedia
=338  \\$aonline resource$2rdacarrier
=362  1\$aBegan with [Vol. 0], no. 1 (2004).
=588  \\$aDescription based on: [Vol. 0], no. 1 (2004); title from contents screen (MetaPress, viewed Feb. 5, 2010).
=588  \\$aLatest issue consulted: Vol. 5, no. 1 (2009) (viewed Feb. 5, 2010).
=538  \\$aMode of access: Internet.
=550  \\$a"A new journal founded by the Agricultural Engineering Committee of the Hungarian Academy of Sciences".
=540  \\$aCurrent copyright fee: GBP16.00$c83\0$5Uk
=650  \0$aAgricultural engineering$vPeriodicals.
=776  08$iAlso issued in print:$tProgress in agricultural engineering sciences$x1786-335X
=710  2\$aMagyar Tudományos Akadémia.$bAgricultural Research Institute.
=856  \\$31850-9999$uhttp://www.akademiai.com/home/main.mpx$xBLDSS
=856  40$uhttp://qe2a-proxy.mun.ca/Login?url=http://www.swetswise.com/link/access_db?issn=1786-335X$zInternet access available to MUN users only from ALPSP Learned Journals Collection - 2011 - CRKN: 2005 to present
=979  \\$aBritish Library$bDSC$j6865.902150N
=CAT  \\$a8201$b40$c20141002$lBLL01$h1539
=CAT  \\$a12654$b40$c20221118$lBLL01$h1036
=CAT  \\$a12654$b40$c20221121$lBLL01$h1058
=CAT  \\$aBLDSS-3PM$b00$c20221122$lBLL01$h0853
=CAT  \\$aBATCH-UPD$b00$c20221122$lBLL01$h0854
=CAT  \\$aBATCH-UNOA$c20221123$lBLL01$h0153
=CFI  0\$aCurrent copyright fee: GBP16.00$c83\0$e18-nov-2022$fGBP16.00$g0$hP$5Uk
=FFP  \\$aY$bBLDSS-3PM
=LKR  \\$aPAR$b015668102$lBLL01$r776$mProgress in agricultural engineering sciences (Online)$nProgress in Agricultural Engineering Sciences.
=SID  \\$aZ39$bOCLC
=UNO  \\$aY
=LAS  \\$aBATCH-UNOA$b00$c20221123$lBLL01$h0153

