=LDR  02733cas a22006857i 4500
=001  017017132
=003  Uk
=005  20230930081113.0
=006  m\\\\\\\\d\|\\\\\\
=007  cr\|||||||||||
=008  150119d19741984enkmr\p\o\\\\\0\\\a0eng\\
=FMT  \\$a  SE
=022  0\$a2057-7826$202
=040  \\$aUk$beng$cUk$erda
=042  \\$aissnuk
=082  04$a669.05$223
=210  0\$aMet. technol.$b(Lond. Online)
=222  \0$aMetals technology$b(London. Online)
=245  00$aMetals technology.
=260  \\$aLondon :$bMetals Society,$c1974-1984.
=264  31$aLeeds, UK :$bManey Publishing
=310  \\$aMonthly
=336  \\$atext$2rdacontent
=337  \\$acomputer$2rdamedia
=338  \\$aonline resource$2rdacarrier
=580  \\$aMerged with: Metal science, to become: Materials science and technology.
=588  \\$aDescription based on print version record.
=588  \\$aLatest issue consulted: volume 11, issue 1 (January 1984) (Maney Online, viewed January 19, 2015).
=540  \\$aCurrent copyright fee: GBP43.00$c2\0$5Uk
=710  2\$aMetals Society.
=776  08$iAlso issued in print as:$tMetals technology$x0307-1693
=785  17$tMetal science$x2057-7834
=785  17$tMaterials science and technology (Online)$x1743-2847
=856  \\$31850-9999$uhttp://www.tandfonline.com/$xBLDSS
=856  4\$uhttp://www.maneyonline.com/loi/mst$zFollow links to resource
=945  \\$aMetals technology.
=979  \\$aBritish Library$bDSC$j5699.530000
=985  \\$aISSN RECORD FOR DIGITAL REPRODUCTION.
=CAT  \\$a11316$b40$c20150119$lBLL01$h1146
=CAT  \\$a11316$b40$c20150119$lBLL01$h1157
=CAT  \\$a5552$b40$c20190110$lBLL01$h1407
=CAT  \\$aBLDSS-3PM$b00$c20190115$lBLL01$h1424
=CAT  \\$aBATCH-UPD$b00$c20190115$lBLL01$h1430
=CAT  \\$aBATCH-UPD$b00$c20191122$lBLL01$h1918
=CAT  \\$aIPL-CLA$c20191231$lBLL01$h2040
=CAT  \\$aBATCH-UPD$b00$c20201118$lBLL01$h1351
=CAT  \\$aIPL-CLA$c20201231$lBLL01$h1533
=CAT  \\$aBATCH-UPD$b00$c20221121$lBLL01$h1427
=CAT  \\$aIPL-CLA$c20221231$lBLL01$h1453
=CAT  \\$aR2308-1440$c20230824$lBLL01$h0930
=CAT  \\$aIPL-CLA$c20230930$lBLL01$h0811
=CFI  0\$aCurrent copyright fee: GBP43.00$c2\0$e01-oct-2023$fGBP43.00$g0$hP$5Uk
=CFI  2\$aPrevious copyright fee: GBP43.00$c47\0$e01-jan-2023$fGBP43.00$g0$hP$5Uk
=FFP  \\$aY$bBLDSS-3PM
=FIN  \\$aY$d20150119
=TOC  \\$aETOC
=ACF  \\$aPrevious copyright fee: GBP37.00$c47\0$e10-jan-2019$fGBP37.00$g0$hP$5Uk
=ACF  \\$aPrevious copyright fee: GBP39.00$c47\0$e01-jan-2020$fGBP39.00$g0$hP$5Uk
=ACF  \\$aPrevious copyright fee: GBP41.00$c47\0$e01-jan-2021$fGBP41.00$g0$hP$5Uk
=LAS  \\$aIPL-CLA$b00$c20230930$lBLL01$h0811

