=LDR  02374cas a22006137i 4500
=001  017020774
=003  Uk
=005  20221231233219.0
=006  m\\\\\\\\d\|\\\\\\
=007  cr\|||||||||||
=008  150121d19711973enkwr\p\o\\\\\0\\\a0eng\\
=FMT  \\$a  SE
=022  0\$a2058-1092$202
=040  \\$aUk$beng$cUk$erda
=042  \\$aissnuk
=210  0\$aNat., New biol.$b(Lond. Online)
=222  \0$aNature. New biology$b(London. Online)
=245  00$aNature.$pNew biology.
=246  30$aNew biology
=260  \\$aLondon, :$bMacmillan,$c1971-1973.
=310  \\$aWeekly
=336  \\$atext$2rdacontent
=337  \\$acomputer$2rdamedia
=338  \\$aonline resource$2rdacarrier
=588  \\$aDescription based on print version record.
=588  \\$aLatest issue consulted: volume 241, number 105 (January 3, 1973) (nature.com, viewed January 21, 2015).
=540  \\$aCurrent copyright fee: GBP34.95$c16\0$5Uk
=776  08$iAlso issued in print as:$tNature. New biology$x0090-0028
=785  04$tNature (London, England : Online)$x1476-4687
=856  \\$31850-9999$uhttp://www.nature.com/$xBLDSS
=856  4\$uhttp://www.nature.com/nature/archive/index.html$zFollow links to resource
=945  \\$aNature -London- New biology.
=979  \\$aBritish Library$cDSC$j6045.100000
=985  \\$aISSN RECORD FOR DIGITAL REPRODUCTION.
=CAT  \\$a11316$b40$c20150121$lBLL01$h1057
=CAT  \\$a11316$b40$c20150121$lBLL01$h1104
=CAT  \\$a12654$b40$c20150402$lBLL01$h0858
=CAT  \\$aBLDSS-3PM$b00$c20150522$lBLL01$h1544
=CAT  \\$aBATCH-UPD$b00$c20160413$lBLL01$h1828
=CAT  \\$aBATCH-UPD$b00$c20160524$lBLL01$h2200
=CAT  \\$aBATCH-UPD$b00$c20160524$lBLL01$h2307
=CAT  \\$a5552$b40$c20170324$lBLL01$h1348
=CAT  \\$a5410$b40$c20170329$lBLL01$h1300
=CAT  \\$aBATCH-UPD$b40$c20171121$lBLL01$h1637
=CAT  \\$aIPL-CLA$c20171231$lBLL01$h1828
=CAT  \\$aBATCH-UPD$b00$c20221121$lBLL01$h1332
=CAT  \\$aIPL-CLA$c20221231$lBLL01$h2332
=CFI  0\$aCurrent copyright fee: GBP34.95$c16\0$e01-jan-2023$fGBP34.95$g0$hP$5Uk
=CFI  2\$aPrevious copyright fee: GBP24.00$c16\0$e01-jan-2018$fGBP24.00$g0$hP$5Uk
=FFP  \\$aY$bBLDSS-3PM
=FIN  \\$aY$d20150121
=UNO  \\$aY
=ACF  \\$aPrevious copyright fee: GBP22.00$c16\0$e02-apr-2015$fGBP22.00$g0$hP$5Uk
=LAS  \\$aIPL-CLA$b00$c20221231$lBLL01$h2332

