=LDR  02349cas a22005897i 4500
=001  017020787
=003  Uk
=005  20221231233219.0
=006  m\\\\\\\\d\|\\\\\\
=007  cr||||||||||||
=008  150121d19711973enkwr\p\o\\\\\0\\\a0eng\\
=FMT  \\$a  SE
=022  0\$a2058-1106$202
=040  \\$aUk$beng$cUk$erda
=042  \\$aissnuk
=210  0\$aNat., Phys. sci$b(Lond. Online)
=222  \0$aNature. Physical science$b(London. Online)
=245  00$aNature.$pPhysical science.
=260  \\$aLondon :$bMacmillan Journals,$c1971-1973.
=336  \\$atext$2rdacontent
=337  \\$acomputer$2rdamedia
=338  \\$aonline resource$2rdacarrier
=588  \\$aDescription based on print version record.
=588  \\$aLatest issue consulted: volume 241, issue 105 (01 January 1973) (nature.com, viewed January 21, 2015).
=540  \\$aCurrent copyright fee: GBP34.95$c16\0$5Uk
=776  08$iAlso issued in print as:$tNature. Physical science$x0300-8746
=785  04$tNature (London, England : Online)$x1476-4687
=856  \\$31850-9999$uhttp://www.nature.com/$xBLDSS
=856  4\$uhttp://www.nature.com/nature/archive/index.html$zFollow links to resource
=945  \\$aNATURE -LONDON- PHYSICAL SCIENCE.
=979  \\$aBritish Library$cDSC$j6045.200000
=985  \\$aISSN RECORD FOR DIGITAL REPRODUCTION.
=CAT  \\$a11316$b40$c20150121$lBLL01$h1113
=CAT  \\$a12654$b40$c20150402$lBLL01$h0900
=CAT  \\$a5552$b40$c20150408$lBLL01$h1554
=CAT  \\$aBLDSS-3PM$b00$c20150522$lBLL01$h1544
=CAT  \\$aBATCH-UPD$b00$c20160413$lBLL01$h1828
=CAT  \\$aBATCH-UPD$b00$c20160524$lBLL01$h2200
=CAT  \\$aBATCH-UPD$b00$c20160524$lBLL01$h2307
=CAT  \\$a5552$b40$c20170324$lBLL01$h1347
=CAT  \\$a5410$b40$c20170329$lBLL01$h1302
=CAT  \\$aBATCH-UPD$b40$c20171121$lBLL01$h1637
=CAT  \\$aIPL-CLA$c20171231$lBLL01$h1828
=CAT  \\$aBATCH-UPD$b00$c20221121$lBLL01$h1332
=CAT  \\$aIPL-CLA$c20221231$lBLL01$h2332
=CFI  0\$aCurrent copyright fee: GBP34.95$c16\0$e01-jan-2023$fGBP34.95$g0$hP$5Uk
=CFI  2\$aPrevious copyright fee: GBP24.00$c16\0$e01-jan-2018$fGBP24.00$g0$hP$5Uk
=FFP  \\$aY$bBLDSS-3PM
=FIN  \\$aY$d20150121
=UNO  \\$aY
=ACF  \\$aPrevious Copyright Fee: GBP22.00$c16\0$e02-apr-2015$fGBP22.00$g0$hP$5Uk
=LAS  \\$aIPL-CLA$b00$c20221231$lBLL01$h2332

