=LDR  02314cas a22005297i 4500
=001  017507696
=003  Uk
=005  20221231233502.0
=006  m\\\\\\\\d\|\\\\\\
=007  cr\|||||||||||
=008  150826d19802003enkqr\p\o\\\\\0\\\a0eng\\
=FMT  \\$a  SE
=022  0\$a2396-8257$202
=040  \\$aUk$beng$cUk$erda
=042  \\$aissnuk
=210  0\$aInsect sci. appl.$b(Online)
=222  \0$aInsect science and its application$b(Online)
=245  00$aInsect science and its application :$bthe international journal of tropical insect science /$c[sponsored by the International Centre of Insect Physiology and Ecology (ICIPE) and the African Association of Insect Scientists (AAIS)].
=260  \\$aOxford :$bPergamon,$c1980-[2003].
=310  \\$aQuarterly
=336  \\$atext$2rdacontent
=337  \\$acomputer$2rdamedia
=338  \\$aonline resource$2rdacarrier
=588  \\$aDescription based on print version record.
=588  \\$aLatest issue consulted: volume 23, number 4 (October/December 2003) (Cambridge Journals, viewed August 26, 2015).
=540  \\$aCurrent copyright fee: GBP29.95$c22\1$5Uk
=710  2\$aInternational Centre of Insect Physiology and Ecology.
=710  2\$aAfrican Association of Insect Scientists.
=776  08$iAlso issued in print as:$tInsect science and its application$x0191-9040
=785  00$tInternational journal of tropical insect science$x1742-7592
=856  \\$31850-9999$uhttp://link.springer.com/$xBLDSS
=856  4\$uhttp://journals.cambridge.org/action/displayJournal?jid=JTI$zFollow links to resource
=985  \\$aISSN RECORD FOR DIGITAL REPRODUCTION.
=CAT  \\$a11316$b40$c20150826$lBLL01$h1418
=CAT  \\$a12654$b40$c20190605$lBLL01$h1619
=CAT  \\$a12654$b40$c20190605$lBLL01$h1621
=CAT  \\$aBATCH-UPD$b40$c20190612$lBLL01$h0008
=CAT  \\$aBLDSS-3PM$b00$c20190613$lBLL01$h0847
=CAT  \\$aBATCH-UPD$b00$c20190613$lBLL01$h0847
=CAT  \\$aBATCH-UPD$b00$c20221121$lBLL01$h1406
=CAT  \\$aIPL-CLA$c20221231$lBLL01$h2335
=CFI  0\$aCurrent copyright fee: GBP29.95$c22\1$e01-jan-2023$fGBP29.95$g0$hP$5Uk
=CFI  2\$aPrevious Copyright Fee: GBP34.00$c22\1$e05-jun-2019$fGBP34.00$g0$hP$5Uk
=FFP  \\$aY$bBLDSS-3PM
=FIN  \\$aY$d20150826
=UNO  \\$aY
=LAS  \\$aIPL-CLA$b00$c20221231$lBLL01$h2335

