=LDR  01827 as a22004937i 4500
=001  017568445
=003  Uk
=005  20161010105954.0
=006  m\\\\\\\\d\|\\\\\\
=007  cr\|||||||||||
=008  151005d19291986enkmr\p\o\\\\\0\\\a0eng\\
=FMT  \\$a  SE
=022  0\$a2059-9366$202
=040  \\$aUk$beng$cUk$erda
=042  \\$aissnuk
=210  0\$aAircr. eng.$b(Online)
=222  \0$aAircraft engineering$b(Online)
=245  00$aAircraft engineering.
=264  \1$aLondon :$bBunhill,$c1929-1986.
=310  \\$aMonthly
=336  \\$atext$2rdacontent
=337  \\$acomputer$2rdamedia
=338  \\$aonline resource$2rdacarrier
=540  \\$aCurrent copyright fee: GBP30.00$c25\0$5Uk
=588  \\$aDescription based on print version record.
=588  \\$aLatest issue consulted: volume 58, issue 12 (December 1986) (Emerald Insight, viewed October 5, 2015).
=776  08$iAlso issued in print as:$tAircraft engineering (London : 1929-86)$x0002-2667
=785  00$tAircraft engineering and aerospace technology$x1758-4213
=856  \\$31850-9999$uhttp://www.emeraldinsight.com/$xBLDSS
=856  4\$uhttp://www.emeraldinsight.com/loi/aeat$zFollow links to resource
=945  \\$aAircraft engineering -London- Bunhill Publications Limited-.
=979  \\$aBritish Library$bDSC$j0780.000000
=985  \\$aISSN RECORD FOR DIGITAL REPRODUCTION.
=CAT  \\$a11316$b40$c20151005$lBLL01$h1128
=CAT  \\$a5552$b40$c20151109$lBLL01$h1431
=CAT  \\$aBLDSS-3PM$b00$c20151123$lBLL01$h1623
=CAT  \\$aBATCH-UPD$b00$c20160413$lBLL01$h1829
=CAT  \\$a5552$b40$c20161010$lBLL01$h1059
=CFI  0\$aCurrent copyright fee: GBP30.00$c25\0$e09-nov-2015$fGBP30.00$g0$hP$5Uk
=FFP  \\$aY$bBLDSS-3PM
=FIN  \\$aY$d20151005
=TOC  \\$aETOC
=UNO  \\$aY
=LAS  \\$a5552$b40$c20161010$lBLL01$h1059

