=LDR  02359 as a22006137i 4500
=001  013700444
=003  Uk
=005  20211011152813.0
=006  m\\\\\\\\d\|\\\\\\
=007  cr||||||||||||
=008  070321d20072008enkbr\p\s\\\\\0\\\a0eng\\
=022  0\$a1754-176X$202
=040  \\$aUk$beng$cUk$erda
=042  \\$aissnuk
=082  04$a629.8905
=210  0\$aControl autom.$b(Online)
=222  \0$aControl & automation$b(Online)
=245  00$aControl & automation.
=246  3\$aControl and automation
=246  13$aIET control & automation
=260  \\$aStevenage :$bIET,$c2007-2008.
=310  \\$aBimonthly
=336  \\$atext$2rdacontent
=337  \\$acomputer$2rdamedia
=338  \\$aonline resource$2rdacarrier
=362  0\$aVolume 18, issue 3 (June/July 2007)-volume 18, issue 6 (December/January 2007/08).
=540  \\$aCurrent copyright fee: zero$c35\0$5Uk
=580  \\$aSome providers list issues under Web site of earlier title: Computing and control engineering.
=588  \\$aDescription based on print version record.
=588  \\$aLatest issue consulted: volume 18, issue 6 (December/January 2007/08) (IET Digital Library, viewed September 25, 2013).
=710  2\$aInstitution of Engineering and Technology.
=776  08$iAlso issued in print as:$tControl & automation$x1754-1751
=780  10$tComputing and control engineering journal$x1741-0460
=856  \\$31850-9999$uhttp://onlinelibrary.wiley.com/$xBLDSS
=856  4\$uhttp://digital-library.theiet.org/content/journals/cce/18/3$zFollow links to issues
=945  \\$aControl and automation -IET-
=979  \\$aBritish Library$bDSC$j3461.845500
=CAT  \\$a11313$b40$c20070321$lBLL01$h1107
=CAT  \\$aISSN$b40$c20110418$lBLL01$h1050
=CAT  \\$a11316$b40$c20130925$lBLL01$h1210
=CAT  \\$a8055$b40$c20211005$lBLL01$h1313
=CAT  \\$a8055$b40$c20211005$lBLL01$h1314
=CAT  \\$a8055$b40$c20211005$lBLL01$h1326
=CAT  \\$aBATCH-UNOA$c20211006$lBLL01$h0035
=CAT  \\$aBLDSS-3PM$b00$c20211011$lBLL01$h1528
=CAT  \\$aBATCH-UPD$b00$c20211011$lBLL01$h1528
=CFI  0\$aCurrent Copyright Fee: zero$c35\0$e05-oct-2021$fGBP0.00$g0$hP$5Uk
=FFP  \\$aY$bBLDSS-3PM
=FIN  \\$aY$d20130925
=FMT  \\$a  SE
=LAS  \\$aBATCH-UPD$b00$c20211011$lBLL01$h1528
=MNI  \\$a1754-1751
=TCO  \\$aCLA$bCLA$c008
=UNO  \\$aY

