=LDR  04937cas a2201057 a 4500
=001  015493054
=003  Uk
=005  20230930113915.0
=006  m\\\\\o\\d\\\\\\\\
=007  cr\mn|||||||||
=008  100222c19969999cc\br\p\\\\\\\0\\\e0chi\\
=FMT  \\$a  SE
=022  \\$y1006-9585
=040  \\$aUk$beng$cUk$dUk
=042  \\$aukblsr
=082  04$a551.5$223
=130  0\$aQi hou yu huan jing yan jiu (Online)
=245  10$aQi hou yu huan jing yan jiu$h[electronic resource].
=246  3\$aQihou yu huanjing yanjiu
=246  31$aClimatic and Environmental Research
=260  \\$aBeijing :$bQihou yu huanjing yanjiu bianjibu,$c1996-
=310  \\$aBimonthly,$b2006-
=321  \\$aQuarterly
=336  \\$atext$2rdacontent
=337  \\$acomputer$2rdamedia
=338  \\$aonline resource$2rdacarrier
=362  0\$aVol. 1, no. 1 (Mar. 1996)-
=516  \\$aIn HTML and PDF format.
=538  \\$aMode of access: World Wide Web.
=530  \\$aAlso issued in print.
=540  \\$aCurrent copyright fee: GBP24.17$c44\0$5Uk
=650  \0$aMeteorology$vPeriodicals.
=650  \0$aClimate$vPeriodicals.
=710  2\$aZhongguo ke xue yuan.$bDa qi wu li yan jiu suo.
=776  1\$tQi hou yu huan jing yan jiu$x1006-9585
=856  \\$31850-9999$uhttp://www.oriprobe.com/$xBLDSS
=856  40$uhttp://www.wanfangdata.com/COJ/browse.asp$zSubscribers only: available in BL Reading Rooms. Also available for BL Document Supply Service.
=945  \\$aQihou yu huanjing yanjiu
=979  \\$aBritish Library$bDSC$j7163.619150N
=CAT  \\$a11433$b40$c20100222$lBLL01$h1615
=CAT  \\$a5410$b40$c20170117$lBLL01$h0936
=CAT  \\$aBATCH-UPD$b40$c20170216$lBLL01$h2003
=CAT  \\$aIPL-CLA$c20170331$lBLL01$h1905
=CAT  \\$aBATCH-UPD$b00$c20170904$lBLL01$h2034
=CAT  \\$aIPL-CLA$c20170929$lBLL01$h1752
=CAT  \\$aBATCH-UPD$b00$c20180223$lBLL01$h1933
=CAT  \\$aIPL-CLA$c20180331$lBLL01$h1647
=CAT  \\$aBATCH-UPD$b00$c20180823$lBLL01$h1958
=CAT  \\$aIPL-CLA$c20180930$lBLL01$h1511
=CAT  \\$aBATCH-UPD$b00$c20190829$lBLL01$h1559
=CAT  \\$aIPL-CLA$c20190930$lBLL01$h1647
=CAT  \\$aBATCH-UPD$b00$c20200219$lBLL01$h1547
=CAT  \\$aIPL-CLA$c20200331$lBLL01$h1625
=CAT  \\$aBATCH-UPD$b00$c20200522$lBLL01$h1523
=CAT  \\$aIPL-CLA$c20200701$lBLL01$h0108
=CAT  \\$aBATCH-UPD$b00$c20210226$lBLL01$h1106
=CAT  \\$aIPL-CLA$c20210331$lBLL01$h1855
=CAT  \\$aBATCH-UPD$b00$c20210707$lBLL01$h1629
=CAT  \\$aIPL-CLA$c20210707$lBLL01$h2000
=CAT  \\$aBATCH-UPD$b00$c20220520$lBLL01$h1710
=CAT  \\$aIPL-CLA$c20220630$lBLL01$h1719
=CAT  \\$aBATCH-UPD$b00$c20220824$lBLL01$h0932
=CAT  \\$aIPL-CLA$c20220930$lBLL01$h1606
=CAT  \\$aBATCH-UPD$b00$c20230824$lBLL01$h1116
=CAT  \\$aIPL-CLA$c20230930$lBLL01$h1139
=CFI  0\$aCurrent copyright fee: GBP24.17$c44\0$e01-oct-2023$fGBP24.17$g0$hP$5Uk
=CFI  2\$aPrevious copyright fee: GBP20.83$c44\0$e01-oct-2022$fGBP20.83$g0$hP$5Uk
=FFP  \\$aY$bBLDSS-3PM
=TCO  \\$aZZZ$c008
=ACF  \\$aPrevious copyright fee: GBP6.00$c44\0$e20-may-2009$fGBP6.00$g0$hP$5Uk
=ACF  \\$aPrevious copyright fee: GBP9.00$c44\0$e21-may-2012$fGBP9.00$g0$hP$5Uk
=ACF  \\$aPrevious copyright fee: GBP9.70$c44\0$e01-jul-2012$fGBP9.70$g0$hP$5Uk
=ACF  \\$aPrevious copyright fee: GBP10.32$c44\0$e01-jul-2013$fGBP10.32$g0$hP$5Uk
=ACF  \\$aPrevious copyright fee: GBP10.00$c44\0$e01-jan-2013$fGBP10.00$g0$hP$5Uk
=ACF  \\$aPrevious copyright fee: GBP14.55$c44\0$e14-nov-2014$fGBP14.55$g0$hP$5Uk
=ACF  \\$aPrevious copyright fee: GBP15.48$c44\0$e01-apr-2015$fGBP15.48$g0$hP$5Uk
=ACF  \\$aPrevious copyright fee: GBP16.00$c44\0$e01-jul-2015$fGBP16.00$g0$hP$5Uk
=ACF  \\$aPrevious copyright fee: GBP16.13$c44\0$e01-oct-2015$fGBP16.13$g0$hP$5Uk
=ACF  \\$aPrevious copyright fee: GBP17.24$c44\0$e01-apr-2016$fGBP17.24$g0$hP$5Uk
=ACF  \\$aPrevious copyright fee: GBP18.52$c44\0$e01-oct-2016$fGBP18.52$g0$hP$5Uk
=ACF  \\$aPrevious copyright fee: GBP20.00$c44\0$e01-apr-2017$fGBP20.00$g0$hP$5Uk
=ACF  \\$aPrevious copyright fee: GBP19.23$c44\0$e01-oct-2017$fGBP19.23$g0$hP$5Uk
=ACF  \\$aPrevious copyright fee: GBP17.86$c44\0$e01-apr-2018$fGBP17.86$g0$hP$5Uk
=ACF  \\$aPrevious copyright fee: GBP19.23$c44\0$e01-oct-2018$fGBP19.23$g0$hP$5Uk
=ACF  \\$aPrevious copyright fee: GBP20.00$c44\0$e01-oct-2019$fGBP20.00$g0$hP$5Uk
=ACF  \\$aPrevious copyright fee: GBP19.23$c44\0$e01-apr-2020$fGBP19.23$g0$hP$5Uk
=ACF  \\$aPrevious copyright fee: GBP20.00$c44\0$e01-jul-2020$fGBP20.00$g0$hP$5Uk
=ACF  \\$aPrevious copyright fee: GBP18.52$c44\0$e01-apr-2021$fGBP18.52$g0$hP$5Uk
=ACF  \\$aPrevious copyright fee: GBP17.86$c44\0$e07-jul-2021$fGBP17.86$g0$hP$5Uk
=ACF  \\$aPrevious copyright fee: GBP20.00$c44\0$e01-jul-2022$fGBP20.00$g0$hP$5Uk
=LAS  \\$aIPL-CLA$b00$c20230930$lBLL01$h1139

