=LDR  04797cas a2201033 a 4500
=001  015497362
=003  Uk
=005  20230930113919.0
=006  m\\\\\\\\d\|\\\\\\
=007  cr||||||||||||
=008  100227c19879999cc\mr\p\\\\\\\0\\\e0chi\\
=FMT  \\$a  SE
=022  \\$y1002-2376
=040  \\$aUk$beng$cUk$dUk
=042  \\$aukblsr
=082  04$a610.28$223
=130  0\$aYi liao zhuang bei (Online)
=245  10$aYi liao zhuang bei$h[electronic resource].
=246  3\$aYiliao zhuangbei
=246  31$aChinese Journal of Medical Device
=246  31$aMedical Equipment
=260  \\$aBeijing :$bYiliao Zhuangbei Zazhishe,$c1987-
=310  \\$aMonthly
=336  \\$atext$2rdacontent
=337  \\$acomputer$2rdamedia
=338  \\$aonline resource$2rdacarrier
=362  1\$aPrint began in 1987.
=516  \\$aIn HTML and PDF format.
=530  \\$aAlso issued in print.
=538  \\$aMode of access: World Wide Web.
=540  \\$aCurrent copyright fee: GBP24.17$c44\0$5Uk
=650  \0$aMedical instruments and apparatus$vPeriodicals.
=776  1\$tYi liao zhuang bei$x1002-2376
=856  \\$31850-9999$uhttp://www.oriprobe.com/$xBLDSS
=856  40$uhttp://www.wanfangdata.com/COJ/browse.asp$zSubscribers only: available in BL Reading Rooms. Also available for BL Document Supply Service.
=945  \\$aYiliao zhuangbei
=979  \\$aBritish Library$bDSC$j9418.383000N
=CAT  \\$a11433$b40$c20100227$lBLL01$h1201
=CAT  \\$a5410$b40$c20161214$lBLL01$h1543
=CAT  \\$aBATCH-UPD$b40$c20170216$lBLL01$h2003
=CAT  \\$aIPL-CLA$c20170331$lBLL01$h1905
=CAT  \\$aBATCH-UPD$b00$c20170904$lBLL01$h2034
=CAT  \\$aIPL-CLA$c20170929$lBLL01$h1752
=CAT  \\$aBATCH-UPD$b00$c20180223$lBLL01$h1933
=CAT  \\$aIPL-CLA$c20180331$lBLL01$h1647
=CAT  \\$aBATCH-UPD$b00$c20180823$lBLL01$h1958
=CAT  \\$aIPL-CLA$c20180930$lBLL01$h1511
=CAT  \\$aBATCH-UPD$b00$c20190829$lBLL01$h1559
=CAT  \\$aIPL-CLA$c20190930$lBLL01$h1647
=CAT  \\$aBATCH-UPD$b00$c20200219$lBLL01$h1547
=CAT  \\$aIPL-CLA$c20200331$lBLL01$h1625
=CAT  \\$aBATCH-UPD$b00$c20200522$lBLL01$h1523
=CAT  \\$aIPL-CLA$c20200701$lBLL01$h0108
=CAT  \\$aBATCH-UPD$b00$c20210226$lBLL01$h1106
=CAT  \\$aIPL-CLA$c20210331$lBLL01$h1855
=CAT  \\$aBATCH-UPD$b00$c20210707$lBLL01$h1629
=CAT  \\$aIPL-CLA$c20210707$lBLL01$h2000
=CAT  \\$aBATCH-UPD$b00$c20220520$lBLL01$h1710
=CAT  \\$aIPL-CLA$c20220630$lBLL01$h1719
=CAT  \\$aBATCH-UPD$b00$c20220824$lBLL01$h0932
=CAT  \\$aIPL-CLA$c20220930$lBLL01$h1606
=CAT  \\$aBATCH-UPD$b00$c20230824$lBLL01$h1116
=CAT  \\$aIPL-CLA$c20230930$lBLL01$h1139
=CFI  0\$aCurrent copyright fee: GBP24.17$c44\0$e01-oct-2023$fGBP24.17$g0$hP$5Uk
=CFI  2\$aPrevious copyright fee: GBP20.83$c44\0$e01-oct-2022$fGBP20.83$g0$hP$5Uk
=FFP  \\$aY$bBLDSS-3PM
=TCO  \\$aZZZ$c008
=ACF  \\$aPrevious copyright fee: GBP6.00$c44\0$e20-may-2009$fGBP6.00$g0$hP$5Uk
=ACF  \\$aPrevious copyright fee: GBP9.00$c44\0$e21-may-2012$fGBP9.00$g0$hP$5Uk
=ACF  \\$aPrevious copyright fee: GBP9.70$c44\0$e01-jul-2012$fGBP9.70$g0$hP$5Uk
=ACF  \\$aPrevious copyright fee: GBP10.32$c44\0$e01-jul-2013$fGBP10.32$g0$hP$5Uk
=ACF  \\$aPrevious copyright fee: GBP10.00$c44\0$e01-jan-2013$fGBP10.00$g0$hP$5Uk
=ACF  \\$aPrevious copyright fee: GBP14.55$c44\0$e14-nov-2014$fGBP14.55$g0$hP$5Uk
=ACF  \\$aPrevious copyright fee: GBP15.48$c44\0$e01-apr-2015$fGBP15.48$g0$hP$5Uk
=ACF  \\$aPrevious copyright fee: GBP16.00$c44\0$e01-jul-2015$fGBP16.00$g0$hP$5Uk
=ACF  \\$aPrevious copyright fee: GBP16.13$c44\0$e01-oct-2015$fGBP16.13$g0$hP$5Uk
=ACF  \\$aPrevious copyright fee: GBP17.24$c44\0$e01-apr-2016$fGBP17.24$g0$hP$5Uk
=ACF  \\$aPrevious copyright fee: GBP18.52$c44\0$e01-oct-2016$fGBP18.52$g0$hP$5Uk
=ACF  \\$aPrevious copyright fee: GBP20.00$c44\0$e01-apr-2017$fGBP20.00$g0$hP$5Uk
=ACF  \\$aPrevious copyright fee: GBP19.23$c44\0$e01-oct-2017$fGBP19.23$g0$hP$5Uk
=ACF  \\$aPrevious copyright fee: GBP17.86$c44\0$e01-apr-2018$fGBP17.86$g0$hP$5Uk
=ACF  \\$aPrevious copyright fee: GBP19.23$c44\0$e01-oct-2018$fGBP19.23$g0$hP$5Uk
=ACF  \\$aPrevious copyright fee: GBP20.00$c44\0$e01-oct-2019$fGBP20.00$g0$hP$5Uk
=ACF  \\$aPrevious copyright fee: GBP19.23$c44\0$e01-apr-2020$fGBP19.23$g0$hP$5Uk
=ACF  \\$aPrevious copyright fee: GBP20.00$c44\0$e01-jul-2020$fGBP20.00$g0$hP$5Uk
=ACF  \\$aPrevious copyright fee: GBP18.52$c44\0$e01-apr-2021$fGBP18.52$g0$hP$5Uk
=ACF  \\$aPrevious copyright fee: GBP17.86$c44\0$e07-jul-2021$fGBP17.86$g0$hP$5Uk
=ACF  \\$aPrevious copyright fee: GBP20.00$c44\0$e01-jul-2022$fGBP20.00$g0$hP$5Uk
=LAS  \\$aIPL-CLA$b00$c20230930$lBLL01$h1139

