=LDR  05178cas a2201009 a 4500
=001  015665772
=003  Uk
=005  20230930114226.0
=006  m\\\\\\\\d\|\\\\\\
=007  cr||||||||||||
=008  101006c200u9999xxc\x\p\s\\\\\0\\\a0eng\\
=FMT  \\$a  SE
=040  \\$aUk$beng$cUk
=042  \\$aukblsr
=082  04$a059.951$222
=245  00$aChina/Asia on demand$h[electronic resource].
=246  3\$aCAOD
=260  \\$aOntario :$bOriProbe
=336  \\$atext$2rdacontent
=337  \\$acomputer$2rdamedia
=338  \\$aonline resource$2rdacarrier
=500  \\$aTitle from search screen HTML header (viewed Oct. 6, 2010).
=538  \\$aMode of access: World Wide Web.
=520  \\$aProvides articles on-demand as an alternative to full subscription to journals. Articles can be retrieved and downloaded instantly in their original format including graphs and illustrations in a pay per-view manner or with a flat fee subscription. A wide range of journals (9,638 titles) can be accessed, plus millions of theses, dissertations, patents and conference proceedings.
=540  \\$aCurrent copyright fee: GBP24.17$c44\0$5Uk
=650  \0$aChinese periodicals$vDatabases.
=650  \0$aAsian periodicals$vDatabases.
=856  \\$31850-9999$uhttp://www.oriprobe.com/$xBLDSS
=856  40$uhttp://caod.oriprobe.com/index.htm$zFor subscribers only; BL Reading Room access. Also available for BL Document Supply Service
=945  \\$aChina Asia on demand -electronic resource-
=959  \\$fCurrently received
=979  \\$aBritish Library$bDSC$j3180.102500N
=CAT  \\$a3072$b40$c20101006$lBLL01$h1424
=CAT  \\$a8128$b40$c20170921$lBLL01$h1513
=CAT  \\$a8128$b40$c20170922$lBLL01$h1359
=CAT  \\$aIPL-CLA$c20170929$lBLL01$h1754
=CAT  \\$a8201$b40$c20171004$lBLL01$h1610
=CAT  \\$a5410$b40$c20171010$lBLL01$h1347
=CAT  \\$aBATCH-UPD$b40$c20180223$lBLL01$h1933
=CAT  \\$aIPL-CLA$c20180331$lBLL01$h1651
=CAT  \\$aBATCH-UPD$b00$c20180823$lBLL01$h1959
=CAT  \\$aIPL-CLA$c20180930$lBLL01$h1512
=CAT  \\$aBATCH-UPD$b00$c20190829$lBLL01$h1559
=CAT  \\$aIPL-CLA$c20190930$lBLL01$h1649
=CAT  \\$aBATCH-UPD$b00$c20200219$lBLL01$h1547
=CAT  \\$aIPL-CLA$c20200331$lBLL01$h1626
=CAT  \\$aBATCH-UPD$b00$c20200522$lBLL01$h1523
=CAT  \\$aIPL-CLA$c20200701$lBLL01$h0109
=CAT  \\$aBATCH-UPD$b00$c20210226$lBLL01$h1106
=CAT  \\$aIPL-CLA$c20210331$lBLL01$h1857
=CAT  \\$aBATCH-UPD$b00$c20210707$lBLL01$h1629
=CAT  \\$aIPL-CLA$c20210707$lBLL01$h2001
=CAT  \\$aBATCH-UPD$b00$c20220520$lBLL01$h1710
=CAT  \\$aIPL-CLA$c20220630$lBLL01$h1721
=CAT  \\$aBATCH-UPD$b00$c20220824$lBLL01$h0932
=CAT  \\$aIPL-CLA$c20220930$lBLL01$h1608
=CAT  \\$aBATCH-UPD$b00$c20230824$lBLL01$h1116
=CAT  \\$aIPL-CLA$c20230930$lBLL01$h1142
=CFI  0\$aCurrent copyright fee: GBP24.17$c44\0$e01-oct-2023$fGBP24.17$g0$hP$5Uk
=CFI  2\$aPrevious copyright fee: GBP20.83$c44\0$e01-oct-2022$fGBP20.83$g0$hP$5Uk
=FFP  \\$aY$bBLDSS-3PM
=FIN  \\$aY$d20101006
=TCO  \\$aCAN$bAccess$c008
=ACF  \\$aPrevious copyright fee: GBP9.00$c44\0$e13-oct-2010$fGBP9.00$g0$hP$5Uk
=ACF  \\$aPrevious copyright fee: GBP9.70$c44\0$e01-jul-2012$fGBP9.70$g0$hP$5Uk
=ACF  \\$aPrevious copyright fee: GBP10.00$c44\0$e01-jan-2013$fGBP10.00$g0$hP$5Uk
=ACF  \\$aPrevious copyright fee: GBP10.32$c44\0$e01-jul-2013$fGBP10.32$g0$hP$5Uk
=ACF  \\$aPrevious copyright fee: GBP12.90$c44\0$e01-oct-2013$fGBP12.90$g0$hP$5Uk
=ACF  \\$aPrevious copyright fee: GBP12.50$c44\0$e01-jan-2014$fGBP12.50$g0$hP$5Uk
=ACF  \\$aPrevious copyright fee: GBP12.12$c44\0$e01-jul-2014$fGBP12.12$g0$hP$5Uk
=ACF  \\$aPrevious copyright fee: GBP14.55$c44\0$e01-oct-2014$fGBP14.55$g0$hP$5Uk
=ACF  \\$aPrevious copyright fee: GBP15.48$c44\0$e01-apr-2015$fGBP15.48$g0$hP$5Uk
=ACF  \\$aPrevious copyright fee: GBP16.00$c44\0$e01-jul-2015$fGBP16.00$g0$hP$5Uk
=ACF  \\$aPrevious copyright fee: GBP16.13$c44\0$e01-oct-2015$fGBP16.13$g0$hP$5Uk
=ACF  \\$aPrevious copyright fee: GBP17.24$c44\0$e01-apr-2016$fGBP17.24$g0$hP$5Uk
=ACF  \\$aPrevious copyright fee: GBP18.52$c44\0$e01-oct-2016$fGBP18.52$g0$hP$5Uk
=ACF  \\$aPrevious copyright fee: GBP20.00$c44\0$e01-apr-2017$fGBP20.00$g0$hP$5Uk
=ACF  \\$aPrevious copyright fee: GBP19.23$c44\0$e01-oct-2017$fGBP19.23$g0$hP$5Uk
=ACF  \\$aPrevious copyright fee: GBP17.86$c44\0$e01-apr-2018$fGBP17.86$g0$hP$5Uk
=ACF  \\$aPrevious copyright fee: GBP19.23$c44\0$e01-oct-2018$fGBP19.23$g0$hP$5Uk
=ACF  \\$aPrevious copyright fee: GBP20.00$c44\0$e01-oct-2019$fGBP20.00$g0$hP$5Uk
=ACF  \\$aPrevious copyright fee: GBP19.23$c44\0$e01-apr-2020$fGBP19.23$g0$hP$5Uk
=ACF  \\$aPrevious copyright fee: GBP20.00$c44\0$e01-jul-2020$fGBP20.00$g0$hP$5Uk
=ACF  \\$aPrevious copyright fee: GBP18.52$c44\0$e01-apr-2021$fGBP18.52$g0$hP$5Uk
=ACF  \\$aPrevious copyright fee: GBP17.86$c44\0$e07-jul-2021$fGBP17.86$g0$hP$5Uk
=ACF  \\$aPrevious copyright fee: GBP20.00$c44\0$e01-jul-2022$fGBP20.00$g0$hP$5Uk
=LAS  \\$aIPL-CLA$b00$c20230930$lBLL01$h1142

