=LDR  01685 as a22004697a 4500
=001  015859436
=003  Uk
=005  20161101135148.0
=006  m\\\\\\\\d\|\\\\\\
=007  cr||||||||||||
=008  110802c20029999enkmx\p\s\\\\\0\\\a0eng\\
=022  0\$a2047-8933$202
=040  \\$aUk$beng$cUk
=042  \\$aissnuk
=082  04$a616.9940231$223
=210  0\$aCancer nurs. pract.$b(Online)
=222  \0$aCancer nursing practice$b(Online)
=245  00$aCancer nursing practice$h[electronic resource].
=260  \\$aHarrow-on-the-Hill :$bRCN Publishing
=310  \\$aTen issues yearly
=336  \\$atext$2rdacontent
=337  \\$acomputer$2rdamedia
=338  \\$aonline resource$2rdacarrier
=540  \\$aCurrent copyright fee: GBP25.00$c75\0$5Uk
=776  0\$tCancer nursing practice$x1475-4266
=856  \\$31850-9999$uhttp://rcnpublishing.com/$xBLDSS
=856  40$uhttp://cancernursingpractice.rcnpublishing.co.uk/$zTo subscribe
=945  \\$aCancer nursing practice.
=979  \\$aBritish Library$bDSC$j3046.491300
=985  \\$aISSN description based on: Vol. 9, no. 3 (Apr. 2010); title from cover of electronic issue (publisher's Web site, viewed Aug. 2, 2011).
=CAT  \\$a11316$b40$c20110802$lBLL01$h1228
=CAT  \\$a11316$b40$c20110802$lBLL01$h1516
=CAT  \\$a5552$b40$c20161101$lBLL01$h1351
=CAT  \\$aBLDSS-3PM$b00$c20161107$lBLL01$h1518
=CAT  \\$aBATCH-UPD$b00$c20161107$lBLL01$h1519
=CFI  0\$aCurrent copyright fee: GBP25.00$c75\0$e01-nov-2016$fGBP25.00$g0$hP$5Uk
=FFP  \\$aY$bBLDSS-3PM
=FIN  \\$aY$d20110802
=FMT  \\$a  SE
=LAS  \\$aBATCH-UPD$b00$c20161107$lBLL01$h1519
=TCO  \\$aCLA$bCLA$c008
=UNO  \\$aY

