=LDR  02172 as a22005777a 4500
=001  015859585
=003  Uk
=005  20170328121209.0
=006  m\\\\\\\\d\|\\\\\\
=007  cr||||||||||||
=008  110802c19979999enkmx\p\s\\\\\0\\\a0eng\\
=022  0\$a2047-895X$202
=040  \\$aUk$beng$cUk
=042  \\$aissnuk
=082  04$a616.890231$223
=210  0\$aMent. health pract.$b(Online)
=222  \0$aMental health practice$b(Online)
=245  00$aMental health practice$h[electronic resource].
=260  \\$aHarrow-on-the-Hill :$bRCN Publishing
=310  \\$aTen issues yearly
=336  \\$atext$2rdacontent
=337  \\$acomputer$2rdamedia
=338  \\$aonline resource$2rdacarrier
=540  \\$aCurrent copyright fee: GBP25.00$c75\0$5Uk
=776  0\$tMental health practice$x1465-8720
=856  \\$31850-9999$uhttp://rcnpublishing.com/$xBLDSS
=856  40$uhttp://mentalhealthpractice.rcnpublishing.co.uk/$zTo subscribe
=945  \\$aMental health practice.
=979  \\$aBritish Library$bDSC$j5678.583750
=985  \\$aISSN description based on: Vol. 13, no. 7 (Apr. 2010); title from cover of electronic issue (publisher's Web site, viewed Aug. 2, 2011).
=ACF  \\$aPrevious copyright fee: GBP15.00$c75\0$e31-oct-2012$fGBP15.00$g0$hP$5Uk
=CAT  \\$a11316$b40$c20110802$lBLL01$h1510
=CAT  \\$a5552$b40$c20121031$lBLL01$h1114
=CAT  \\$aBATCH-UPD$b40$c20131119$lBLL01$h2304
=CAT  \\$aIPL-CLA$c20140101$lBLL01$h0149
=CAT  \\$a5552$b40$c20140708$lBLL01$h0916
=CAT  \\$aIPL-CLA$c20140930$lBLL01$h1637
=CAT  \\$aBLDSS-3PM$b00$c20150131$lBLL01$h2314
=CAT  \\$aBATCH-UPD$b00$c20160413$lBLL01$h1825
=CAT  \\$aBATCH-UPD$b00$c20160524$lBLL01$h2301
=CAT  \\$aBATCH-UPD$b00$c20160525$lBLL01$h0655
=CAT  \\$a5552$b40$c20170328$lBLL01$h1212
=CFI  0\$aCurrent copyright fee: GBP25.00$c75\0$e01-oct-2014$fGBP25.00$g0$hP$5Uk
=CFI  2\$aPrevious copyright fee: GBP20.00$c75\0$e01-jan-2014$fGBP20.00$g0$hP$5Uk
=FFP  \\$aY$bBLDSS-3PM
=FIN  \\$aY$d20110802
=FMT  \\$a  SE
=LAS  \\$a5552$b40$c20170328$lBLL01$h1212
=TCO  \\$aCLA$bCLA$c008
=TOC  \\$aETOC
=UNO  \\$aY

