=LDR  02375 as a22006137a 4500
=001  015871074
=003  Uk
=005  20170302141650.0
=006  m\\\\\\\\d\|\\\\\\
=007  cr||||||||||||
=008  110818c19939999enkmx\p\s\\\\\0\\\a0eng\\
=022  0\$a2047-8984$202
=040  \\$aUk$beng$cUk
=042  \\$aissnuk
=210  0\$aEmerg. nurse$b(Online)
=222  \0$aEmergency nurse$b(Online)
=245  00$aEmergency nurse$h[electronic resource].
=260  \\$aHarrow-on-the-Hill :$bRCN Publishing
=310  \\$aTen issues yearly
=336  \\$atext$2rdacontent
=337  \\$acomputer$2rdamedia
=338  \\$aonline resource$2rdacarrier
=540  \\$aCurrent copyright fee: GBP25.00$c75\0$5Uk
=550  \\$aAffiliated with the RCN Emergency Care Association.
=710  2\$aRoyal College of Nursing (Great Britain).$bEmergency Care Association.
=776  0\$tEmergency nurse$x1354-5752
=856  \\$31850-9999$uhttp://rcnpublishing.com/$xBLDSS
=856  40$uhttp://emergencynurse.rcnpublishing.co.uk/$zTo subscribe
=945  \\$aEmergency nurse -Harrow then Cardiff-
=979  \\$aBritish Library$bDSC$j3733.192900
=985  \\$aISSN description based on: Vol. 18, no. 1 (Apr. 2010); title from cover of electronic issue (publisher's Web site, viewed Aug. 18, 2011).
=ACF  \\$aPrevious copyright fee: GBP15.00$c75\0$e31-oct-2012$fGBP15.00$g0$hP$5Uk
=CAT  \\$a11316$b40$c20110818$lBLL01$h0928
=CAT  \\$a11316$b40$c20110818$lBLL01$h0929
=CAT  \\$a11316$b40$c20110818$lBLL01$h0934
=CAT  \\$a5552$b40$c20121031$lBLL01$h1115
=CAT  \\$aBATCH-UPD$b40$c20131119$lBLL01$h2304
=CAT  \\$aIPL-CLA$c20140101$lBLL01$h0150
=CAT  \\$a5552$b40$c20140708$lBLL01$h0915
=CAT  \\$aIPL-CLA$c20140930$lBLL01$h1637
=CAT  \\$aBLDSS-3PM$b00$c20150131$lBLL01$h2314
=CAT  \\$aBATCH-UPD$b00$c20160413$lBLL01$h1825
=CAT  \\$aBATCH-UPD$b00$c20160524$lBLL01$h2301
=CAT  \\$aBATCH-UPD$b00$c20160525$lBLL01$h0655
=CAT  \\$a6490$b40$c20170302$lBLL01$h1416
=CFI  0\$aCurrent copyright fee: GBP25.00$c75\0$e01-oct-2014$fGBP25.00$g0$hP$5Uk
=CFI  2\$aPrevious copyright fee: GBP20.00$c75\0$e01-jan-2014$fGBP20.00$g0$hP$5Uk
=FFP  \\$aY$bBLDSS-3PM
=FIN  \\$aY$d20110818
=FMT  \\$a  SE
=LAS  \\$a6490$b40$c20170302$lBLL01$h1416
=TCO  \\$aCLA$bCLA$c008
=TOC  \\$aETOC
=UNO  \\$aY

