=LDR  02134 as a22005657a 4500
=001  015871141
=003  Uk
=005  20170306110216.0
=006  m\\\\\\\\d\|\\\\\\
=007  cr||||||||||||
=008  110818c19829999enkmx\p\s\\\\\0\\\a0eng\\
=022  0\$a2047-900X$202
=040  \\$aUk$beng$cUk
=042  \\$aissnuk
=210  0\$aPrim. health care$b(Online)
=222  \0$aPrimary health care$b(Online)
=245  00$aPrimary health care$h[electronic resource].
=260  \\$aHarrow-on-the-Hill :$bRCN Publishing
=310  \\$aTen issues yearly
=336  \\$atext$2rdacontent
=337  \\$acomputer$2rdamedia
=338  \\$aonline resource$2rdacarrier
=540  \\$aCurrent copyright fee: GBP25.00$c75\0$5Uk
=776  0\$tPrimary health care$x0264-5033
=856  \\$31850-9999$uhttp://rcnpublishing.com/$xBLDSS
=856  40$uhttp://primaryhealthcare.rcnpublishing.co.uk/$zTo subscribe
=945  \\$aPRIMARY HEALTH CARE -LONDON-.
=979  \\$aBritish Library$bDSC$j6612.908900
=985  \\$aISSN description based on: Vol. 20, no. 3 (Apr. 2010); title from cover of electronic issue (publisher's Web site, viewed Aug. 18, 2011).
=ACF  \\$aPrevious copyright fee: GBP15.00$c75\0$e31-oct-2012$fGBP15.00$g0$hP$5Uk
=CAT  \\$a11316$b40$c20110818$lBLL01$h1048
=CAT  \\$a5552$b40$c20121031$lBLL01$h0939
=CAT  \\$aBATCH-UPD$b40$c20131119$lBLL01$h2304
=CAT  \\$aIPL-CLA$c20140101$lBLL01$h0150
=CAT  \\$a5552$b40$c20140708$lBLL01$h0915
=CAT  \\$aIPL-CLA$c20140930$lBLL01$h1637
=CAT  \\$aBLDSS-3PM$b00$c20150131$lBLL01$h2314
=CAT  \\$aBATCH-UPD$b00$c20160413$lBLL01$h1825
=CAT  \\$aBATCH-UPD$b00$c20160524$lBLL01$h2301
=CAT  \\$aBATCH-UPD$b00$c20160525$lBLL01$h0655
=CAT  \\$a5552$b40$c20170306$lBLL01$h1102
=CFI  0\$aCurrent copyright fee: GBP25.00$c75\0$e01-oct-2014$fGBP25.00$g0$hP$5Uk
=CFI  2\$aPrevious copyright fee: GBP20.00$c75\0$e01-jan-2014$fGBP20.00$g0$hP$5Uk
=FFP  \\$aY$bBLDSS-3PM
=FIN  \\$aY$d20110818
=FMT  \\$a  SE
=LAS  \\$a5552$b40$c20170306$lBLL01$h1102
=TCO  \\$aCLA$bCLA$c008
=TOC  \\$aETOC
=UNO  \\$aY

