=LDR  03557cas a2200817 a 4500
=001  015872843
=003  Uk
=005  20211231173157.0
=006  m\\\\\\\\d\\\\\\\\
=007  cr\|n|||||||||
=008  091120c20099999ne\uu\p\o\\\\\0\\\\0eng\d
=FMT  \\$a  SE
=022  \\$a1877-5942
=040  \\$aUk$beng$cUk
=082  04$a616.462005$223
=130  0\$aInternational journal of diabetes mellitus (Online)
=245  10$aInternational journal of diabetes mellitus$h[electronic resource].
=246  13$aIJDM
=260  \\$aAmsterdam :$bElsevier B.V.
=310  \\$aQuarterly
=336  \\$atext$2rdacontent
=337  \\$acomputer$2rdamedia
=338  \\$aonline resource$2rdacarrier
=362  1\$aBegan with Vol. 1, issue 1 (April 2009).
=500  \\$aDescription based on: Vol. 1, issue 1 (April 2009); title from table of contents page (publisher's website, viewed Nov. 20, 2009).
=500  \\$aLatest issue consulted: Vol. 1, issue 1 (April 2009) (viewed Nov. 20, 2009).
=590  \\$aRoute ALL FAILED DSC requests to Records Team
=506  \\$aAvailable only to Remote Supply Service.
=516  \\$aText (electronic journal).
=550  \\$aIssued by: Diabetes International Scientific Institute.
=540  \\$aCurrent copyright fee: GBP34.30$c5\1$5Uk
=650  \0$aDiabetes$vPeriodicals.
=655  \0$aElectronic journals.
=710  2\$aDiabetes International Scientific Institute.
=710  2\$aScienceDirect (Online service)
=776  08$iAlso issued in print:$tInternational journal of diabetes mellitus$x1877-5934
=856  \\$31850-9999$uhttp://www.elsevier.com/journals$xBLDSS
=856  40$uhttp://www.sciencedirect.com/science/journal/18775934$zFull text available from ScienceDirect Journals: 01/04/2009 to present
=945  \\$aInternational journal of diabetes mellitus
=979  \\$aBritish Library$bDSC$j4542.185251N
=CAT  \\$a5508$b40$c20110822$lBLL01$h1225
=CAT  \\$a5508$b40$c20110822$lBLL01$h1320
=CAT  \\$a5508$b40$c20110822$lBLL01$h1323
=CAT  \\$a5508$b40$c20110822$lBLL01$h1603
=CAT  \\$a5508$b40$c20110824$lBLL01$h0901
=CAT  \\$a5508$b40$c20110824$lBLL01$h0904
=CAT  \\$aBATCH-UPD$b40$c20111123$lBLL01$h1854
=CAT  \\$aIPL-CLA$c20111230$lBLL01$h2037
=CAT  \\$aBATCH-UPD$b00$c20121121$lBLL01$h1700
=CAT  \\$aIPL-CLA$c20121231$lBLL01$h1333
=CAT  \\$aIPL-CLA$c20130102$lBLL01$h1811
=CAT  \\$aBLDSS-3PM$b00$c20141222$lBLL01$h1720
=CAT  \\$a8874$b40$c20150219$lBLL01$h1002
=CAT  \\$aBATCH-UPD$b40$c20160413$lBLL01$h1825
=CAT  \\$a5410$b40$c20161122$lBLL01$h1023
=CAT  \\$aBATCH-UPD$b40$c20171121$lBLL01$h1753
=CAT  \\$aIPL-CLA$c20171231$lBLL01$h1809
=CAT  \\$aBATCH-UPD$b00$c20190521$lBLL01$h1444
=CAT  \\$aIPL-CLA$c20190630$lBLL01$h1545
=CAT  \\$aBATCH-UPD$b00$c20211119$lBLL01$h1601
=CAT  \\$aIPL-CLA$c20211231$lBLL01$h1731
=CFI  0\$aCurrent copyright fee: GBP34.30$c5\1$e01-jan-2022$fGBP34.30$g0$hP$5Uk
=CFI  2\$aPrevious copyright fee: GBP32.84$c5\1$e01-jul-2019$fGBP32.84$g0$hP$5Uk
=FFP  \\$aY$bBLDSS-3PM
=SID  \\$aZ39$bOCLC
=TCO  \\$aNLD$bSTICHTING REPRORECHT$c008
=ACF  \\$aPrevious copyright fee: GBP20.00$c5\1$e27-jul-2010$fGBP20.00$g0$hP$5Uk
=ACF  \\$aPrevious copyright fee: GBP21.00$c5\1$e01-jan-2012$fGBP21.00$g0$hP$5Uk
=ACF  \\$aPrevious copyright fee: GBP22.50$c5\1$e01-jan-2013$fGBP22.50$g0$hP$5Uk
=ACF  \\$aPrevious copyright fee: GBP23.40$c5\1$e01-jan-2018$fGBP23.40$g0$hP$5Uk
=LAS  \\$aIPL-CLA$b00$c20211231$lBLL01$h1731

