=LDR  02794cas a2200697 a 4500
=001  016001913
=003  Uk
=005  20230511163035.0
=006  m\\\\\o\\d\\\\\\\\
=007  cr\|||||||||||
=008  081015c20069999hu\fr\pso\\\\\0\\\a0eng\\
=FMT  \\$a  SE
=022  0\$a1788-7119$l1788-4934$y1788-4934
=035  \\$a(OCoLC)456176266
=040  \\$aDNLM$beng$cQE2$dSNK$dCEF$dOCLCQ$dOCLCF$dUk
=050  \4$aRA790.A1
=060  00$aW1$bEU72DID
=082  04$a616.89005$223
=130  0\$aEuropean journal of mental health (Online)
=210  1\$aEur. j. ment. health$b(Online)
=222  \0$aEuropean journal of mental health$b(Online)
=245  10$aEuropean journal of mental health$h[electronic resource].
=246  13$aEJMH
=260  \\$aBudapest :$bAkadémiai Kiadó
=310  \\$aSemiannual
=336  \\$atext$2rdacontent
=337  \\$acomputer$2rdamedia
=338  \\$aonline resource$2rdacarrier
=362  1\$aBegan with vol. 1, no. 1/2 (June/Dec. 2006).
=590  \\$aRoute ALL FAILED DSC requests to Records Team
=540  \\$aCurrent copyright fee: GBP16.00$c83\0$5Uk
=538  \\$aMode of access: World Wide Web.
=546  \\$aIn English and German with summaries in multiple languages.
=588  \\$aDescription based on: First issue; title from cover (surrogate).
=650  \0$aMental health$vPeriodicals.
=776  08$iAlso issued in print as:$tEuropean journal of mental health$x1788-4934
=856  \\$31850-9999$uhttp://akkrt.hu/$xBLDSS
=856  40$uhttp://qe2a-proxy.mun.ca/Login?url=http://www.swetswise.com/link/access_db?issn=1788-4934$zInternet access available to MUN users only from ALPSP Learned Journals Collection - 2008: 2008 to present
=945  \\$aEuropean journal of mental health
=979  \\$aBritish Library$bDSC$j3829.731535N
=CAT  \\$a7154$b40$c20120104$lBLL01$h1316
=CAT  \\$aBATCH-TCO$c20120117$lBLL01$h0038
=CAT  \\$aBATCH-TX$c20120117$lBLL01$h0100
=CAT  \\$aIPL-CLA$c20120117$lBLL01$h0102
=CAT  \\$a5552$b40$c20130308$lBLL01$h1355
=CAT  \\$a5552$b40$c20130312$lBLL01$h0938
=CAT  \\$a8201$b40$c20141002$lBLL01$h1555
=CAT  \\$aBLDSS-3PM$b00$c20150131$lBLL01$h2314
=CAT  \\$a8874$b40$c20150317$lBLL01$h1330
=CAT  \\$aBATCH-UPD$b40$c20160413$lBLL01$h1825
=CAT  \\$aBATCH-FIX$c20230511$lBLL01$h1630
=CAT  \\$aBATCH-UPD$b00$c20230511$lBLL01$h1916
=CFI  0\$aCurrent copyright fee: GBP16.00$c83\0$e08-mar-2013$fGBP16.00$g0$hP$5Uk
=CFI  2\$aPrevious copyright fee: GBP12.00$c0$e04-jan-2012$fGBP12.00$g0$hA$5Uk
=FFP  \\$aY$bBLDSS-3PM
=SID  \\$aZ39$bOCLC
=TCO  \\$aXXX$c008
=TOC  \\$aETOC
=UNO  \\$aY
=ACF  \\$aBritish Library not licensed to copy$c0$e17-jan-2012$hC$iTX$5Uk
=LAS  \\$aBATCH-UPD$b00$c20230511$lBLL01$h1916

