=LDR  02190 as a22005297a 4500
=001  016100827
=003  Uk
=005  20190221134219.0
=006  m\\\\\\\\d\|\\\\\\
=007  cr||||||||||||
=008  120608d18491862enkqr\p\o\\\\\0\\\a0eng\\
=FMT  \\$a  SE
=022  0\$a2050-5434$202
=040  \\$aUk$beng$cUk
=042  \\$aissnuk
=210  0\$aQ. j. Chem. Soc. Lond.$b(Online)
=222  \4$aThe quarterly journal of the Chemical Society of London$b(Online)
=245  04$aThe quarterly journal of the Chemical Society of London$h[electronic resource].
=246  13$aQuarterly journal of the Chemical Society
=260  \\$aLondon :$bBaillière,$c1849-1862.
=336  \\$atext$2rdacontent
=337  \\$acomputer$2rdamedia
=338  \\$aonline resource$2rdacarrier
=362  0\$aVol. 1 (1849)-v. 14 (1862).
=533  \\$aElectronic resource.$bLondon :$cRSC Publishing.
=540  \\$aCurrent Copyright Fee: GBP46.75$c6\1$5Uk
=710  2\$aChemical Society (Great Britain)
=776  0\$tQuarterly journal of the Chemical Society of London$x1743-6893
=780  00$tMemoirs and proceedings of the Chemical Society of London$c(Online)$x2050-8379
=785  00$tJournal of the Chemical Society$c(1862. Online)$x2050-5469
=856  \\$31850-9999$uhttp://www.rsc.org/$xBLDSS
=856  4\$uhttp://pubs.rsc.org/en/journals?key=title&value=archive$zFollow links to resource
=945  \\$aQuarterly journal- Chemical Society.
=979  \\$aBritish Library$bDSC$j7181.600000
=985  \\$aISSN description based on: ISSN print record and digitised front matter from Vol. 1 (1849) (RSC Publishing, viewed June 8, 2012).
=985  \\$aISSN RECORD FOR DIGITAL REPRODUCTION ONLY.
=CAT  \\$a11316$b40$c20120608$lBLL01$h1141
=CAT  \\$a11316$b40$c20120727$lBLL01$h0919
=CAT  \\$a5552$b40$c20190221$lBLL01$h1231
=CAT  \\$a5552$b40$c20190221$lBLL01$h1342
=CAT  \\$aBLDSS-3PM$b00$c20190227$lBLL01$h1406
=CAT  \\$aBATCH-UPD$b00$c20190227$lBLL01$h1409
=CFI  0\$aCurrent copyright fee: GBP46.75$c6\1$e21-feb-2019$fGBP46.75$g0$hP$5Uk
=FFP  \\$aY$bBLDSS-3PM
=FIN  \\$aY$d20120608
=UNO  \\$aY
=LAS  \\$aBATCH-UPD$b00$c20190227$lBLL01$h1409

