=LDR  02056 as a22004817a 4500
=001  016124403
=003  Uk
=005  20190221121443.0
=006  m\\\\\\\\d\|\\\\\\
=007  cr||||||||||||
=008  120713d19051971enkmr\p\o\\\\\0\\\a0eng\\
=FMT  \\$a  SE
=022  0\$a2050-5647$202
=040  \\$aUk$beng$cUk
=042  \\$aissnuk
=210  0\$aTrans. Faraday Soc.$b(Online)
=222  \0$aTransactions of the Faraday Society$b(Online)
=245  00$aTransactions of the Faraday Society$h[electronic resource].
=260  \\$aLondon :$bFaraday Society
=336  \\$atext$2rdacontent
=337  \\$acomputer$2rdamedia
=338  \\$aonline resource$2rdacarrier
=540  \\$aCurrent Copyright Fee: GBP46.75$c6\1$5Uk
=580  \\$aContinued in part by: Journal of the Chemical Society. Faraday transactions I, and in part by: Journal of the Chemical Society. Faraday transactions II, with vol. 68, 1972.
=710  2\$aFaraday Society.
=776  0\$tTransactions of the Faraday Society$x0014-7672
=785  01$tJournal of the Chemical Society. Faraday Transactions I$c(Online)$x2050-5655
=785  01$tJournal of the Chemical Society. Faraday Transactions II$c(Online)$x2050-5663
=856  \\$31850-9999$uhttp://www.rsc.org/$xBLDSS
=856  4\$uhttp://pubs.rsc.org/en/journals?key=title&value=archive$zFollow links to resource
=945  \\$aTransactions- Faraday Society.
=979  \\$aBritish Library$bDSC$j8932.000000
=985  \\$aISSN description based on: ISSN print record and digitised front matter from Vol. 1, pt. 1 (Jan. 1905) (RSC Publishing, viewed July 13, 2012).
=985  \\$aISSN RECORD FOR DIGITAL REPRODUCTION ONLY.
=CAT  \\$a11316$b40$c20120713$lBLL01$h0842
=CAT  \\$a5552$b40$c20190221$lBLL01$h1214
=CAT  \\$aBLDSS-3PM$b00$c20190227$lBLL01$h1406
=CAT  \\$aBATCH-UPD$b00$c20190227$lBLL01$h1409
=CFI  0\$aCurrent copyright fee: GBP46.75$c6\1$e21-feb-2019$fGBP46.75$g0$hP$5Uk
=FFP  \\$aY$bBLDSS-3PM
=FIN  \\$aY$d20120713
=UNO  \\$aY
=LAS  \\$aBATCH-UPD$b00$c20190227$lBLL01$h1409

