=LDR  02679 as a22006257a 4500
=001  016124459
=003  Uk
=005  20190221142313.0
=006  m\\\\\\\\d\|\\\\\\
=007  cr||||||||||||
=008  120713d19721999enker\p\o\\\\\0\\\a0eng\\
=FMT  \\$a  SE
=022  0\$a2050-5671$202
=040  \\$aUk$beng$cUk
=042  \\$aissnuk
=210  0\$aJ. Chem. Soc., Dalton trans.$b(Online)
=222  \0$aJournal of the Chemical Society. Dalton transactions$b(Online)
=245  00$aJournal of the Chemical Society.$pDalton transactions$h[electronic resource].
=246  13$aJournal of the Chemical Society.$pDalton transactions.$pInorganic chemistry
=246  30$aJCS Dalton
=246  13$aJ.C.S. Dalton
=246  14$aDalton transactions$f1996-1999
=260  \\$aLondon :$bChemical Society,$c1972-1999.
=260  3\$aCambridge :$bRoyal Society of Chemistry
=310  \\$aSemimonthly,$b1992-1999
=321  \\$aTwenty-three no. a year,$b1972-1977
=321  \\$a12 no. a year,$b1978-1991
=336  \\$atext$2rdacontent
=337  \\$acomputer$2rdamedia
=338  \\$aonline resource$2rdacarrier
=362  0\$a1972, 1-1999, no. 24.
=540  \\$aCurrent copyright fee: GBP46.75$c6\1$5Uk
=580  \\$aMerged with part of: Acta chemica Scandinavica (Copenhagen, Denmark : 1989), to become: Dalton (Cambridge, England).
=710  2\$aChemical Society (Great Britain)
=710  2\$aRoyal Society of Chemistry (Great Britain)
=776  0\$tJournal of the Chemical Society. Dalton transactions$c(Print)$x0300-9246
=780  01$tJournal of the Chemical Society. A. Inorganic, physical, theoretical$c(Online)$x2050-5582
=785  17$tActa chemica Scandinavica (Copenhagen, Denmark : 1989)
=785  17$tDalton$c(Cambridge. Online)$x2050-8220
=856  \\$31850-9999$uhttp://www.rsc.org/$xBLDSS
=856  4\$uhttp://pubs.rsc.org/en/journals?key=title&value=archive$zFollow links to resource
=945  \\$aJOURNAL- CHEMICAL SOCIETY DALTON TRANSACTIONS
=979  \\$aBritish Library$bDSC$j4727.200000
=985  \\$aISSN description based on: ISSN print record and digitised front matter from Vol. 1 (1975) (RSC Publishing, viewed July 13, 2012).
=985  \\$aISSN RECORD FOR DIGITAL REPRODUCTION ONLY.
=CAT  \\$a11316$b40$c20120713$lBLL01$h1032
=CAT  \\$aISSN$b40$c20120815$lBLL01$h1126
=CAT  \\$a5552$b40$c20190221$lBLL01$h1423
=CAT  \\$aBLDSS-3PM$b00$c20190227$lBLL01$h1406
=CAT  \\$aBATCH-UPD$b00$c20190227$lBLL01$h1409
=CFI  0\$aCurrent copyright fee: GBP46.75$c6\1$e21-feb-2019$fGBP46.75$g0$hP$5Uk
=FFP  \\$aY$bBLDSS-3PM
=FIN  \\$aY$d20120713
=UNO  \\$aY
=LAS  \\$aBATCH-UPD$b00$c20190227$lBLL01$h1409

