=LDR  02231 as a22005417a 4500
=001  016124488
=003  Uk
=005  20190221140849.0
=006  m\\\\\\\\d\|\\\\\\
=007  cr||||||||||||
=008  120713d20002000enker\p\o\\\\\0\\\a0eng\\
=FMT  \\$a  SE
=022  0\$a2050-8220$202
=040  \\$aUk$beng$cUk
=042  \\$aissnuk
=082  04$a546.05$221
=210  0\$aDalton$b(Camb. Online)
=222  \0$aDalton$b(Cambridge. Online)
=245  00$aDalton$h[electronic resource].
=246  1\$iWeb archive list title:$aJournal of the Chemical Society. Dalton Transactions (2000).
=260  \\$aCambridge :$bRoyal Society of Chemistry,$c2000.
=310  \\$aIssued twice a month
=336  \\$atext$2rdacontent
=337  \\$acomputer$2rdamedia
=338  \\$aonline resource$2rdacarrier
=362  0\$a2000, no.1 (7 Jan. 2000)-2000, no.24 (21 Dec. 2000).
=515  \\$aIssue numbers begin each year with 1.
=540  \\$aCurrent copyright fee: GBP46.75$c6\1$5Uk
=580  \\$aFormed by the union of: Journal of the Chemical Society. Dalton transactions; and; part of: Acta chemica Scandinavica (Copenhagen, Denmark : 1989)
=710  2\$aRoyal Society of Chemistry (Great Britain)
=780  14$tJournal of the Chemical Society. Dalton transactions (Online)$x2050-5671
=780  06$aActa Chemica Scandinavica
=785  00$tJournal of the Chemical Society. Dalton Transactions$c(2001. Online)$x1364-5447
=856  \\$31850-9999$uhttp://www.rsc.org/$xBLDSS
=856  4\$uhttp://pubs.rsc.org/en/journals?key=title&value=archive$zFollow links to resource
=945  \\$aDalton
=979  \\$aBritish Library$bDSC$j3517.796000N
=985  \\$aISSN description based on: ISSN print record and journal home page (RSC Publishing, viewed July 13, 2012).
=985  \\$aISSN RECORD FOR DIGITAL REPRODUCTION ONLY.
=CAT  \\$a11316$b40$c20120713$lBLL01$h1110
=CAT  \\$a5552$b40$c20190221$lBLL01$h1408
=CAT  \\$aBLDSS-3PM$b00$c20190227$lBLL01$h1406
=CAT  \\$aBATCH-UPD$b00$c20190227$lBLL01$h1409
=CFI  0\$aCurrent copyright fee: GBP46.75$c6\1$e21-feb-2019$fGBP46.75$g0$hP$5Uk
=FFP  \\$aY$bBLDSS-3PM
=FIN  \\$aY$d20120713
=UNO  \\$aY
=LAS  \\$aBATCH-UPD$b00$c20190227$lBLL01$h1409

