=LDR  02566 as a22005897a 4500
=001  016124531
=003  Uk
=005  20190221133202.0
=006  m\\\\\\\\d\|\\\\\\
=007  cr||||||||||||
=008  120713d19721999enkmr\p\o\\\\\0\\\a0eng\\
=FMT  \\$a  SE
=022  0\$a2050-8239$202
=040  \\$aUk$beng$cUk
=042  \\$aissnuk
=210  0\$aJ. Chem. Soc., Perkin trans. II$b(Online)
=222  \0$aJournal of the Chemical Society. Perkin transactions II$b(Online)
=245  00$aJournal of the Chemical Society.$pPerkin transactions II$h[electronic resource].
=246  3\$aJournal of the Chemical Society.$pPerkin transactions 2
=246  30$aPerkin transactions II
=246  1\$iIssues for 1996-1999 have title:$aJournal of the Chemical Society.$pPerkin transactions.$n2,$pPhysical organic chemistry
=246  30$aPhysical organic chemistry
=260  \\$aLondon :$bRoyal Society of Chemistry,$c1972-1999.
=310  \\$aMonthly,$b1978-1999
=321  \\$aFifteen no. a year$b<Jan. 1974- >
=336  \\$atext$2rdacontent
=337  \\$acomputer$2rdamedia
=338  \\$aonline resource$2rdacarrier
=362  0\$a1972, 1-1999, no. 12.
=540  \\$aCurrent Copyright Fee: GBP46.75$c6\1$5Uk
=580  \\$aMerged with part of: Acta chemica Scandinavica (Copenhagen, Denmark : 1989), to form: Perkin 2.
=710  2\$aChemical Society (Great Britain)
=710  2\$aRoyal Society of Chemistry (Great Britain)
=776  0\$tJournal of the Chemical Society. Perkin transactions II$x0300-9580
=780  00$tJournal of the Chemical Society. B. Physical organic$c(Online)$x2050-5590
=785  17$tActa chemica Scandinavica (Copenhagen, Denmark : 1989)
=785  17$tPerkin 2$c(Online)$x2050-8247
=856  \\$31850-9999$uhttp://www.rsc.org/$xBLDSS
=856  4\$uhttp://pubs.rsc.org/en/journals?key=title&value=archive$zFollow links to resource
=945  \\$aJOURNAL- CHEMICAL SOCIETY PERKIN TRANSACTIONS 2
=979  \\$aBritish Library$bDSC$j4729.11000
=985  \\$aISSN description based on: ISSN print record and journal home page (RSC Publishing, viewed July 13, 2012).
=985  \\$aISSN RECORD FOR DIGITAL REPRODUCTION ONLY.
=CAT  \\$a11316$b40$c20120713$lBLL01$h1154
=CAT  \\$a5552$b40$c20190221$lBLL01$h1332
=CAT  \\$aBLDSS-3PM$b00$c20190227$lBLL01$h1406
=CAT  \\$aBATCH-UPD$b00$c20190227$lBLL01$h1409
=CFI  0\$aCurrent copyright fee: GBP46.75$c6\1$e21-feb-2019$fGBP46.75$g0$hP$5Uk
=FFP  \\$aY$bBLDSS-3PM
=FIN  \\$aY$d20120713
=UNO  \\$aY
=LAS  \\$aBATCH-UPD$b00$c20190227$lBLL01$h1409

