=LDR  02191 as a22005057a 4500
=001  016124541
=003  Uk
=005  20190221140254.0
=006  m\\\\\\\\d\|\\\\\\
=007  cr||||||||||||
=008  120713d19721999enkmr\p\o\\\\\0\\\a0eng\\
=FMT  \\$a  SE
=022  0\$a2050-8255$202
=040  \\$aUk$beng$cUk
=042  \\$aissnuk
=210  0\$aJ. Chem. Soc., Perkin trans. I$b(Online)
=222  \0$aJournal of the Chemical Society. Perkin transactions I$b(Online)
=245  00$aJournal of the Chemical Society.$pPerkin transactions I$h[electronic resource].
=246  30$aJournal of the Chemical Society.$pPerkin transactions one
=246  1\$iIssues for Jan. 1996-1999 have title:$aJournal of the Chemical Society.$pPerkin transactions.$n1,$pOrganic and bio-organic chemistry
=246  30$aOrganic and bio-organic chemistry
=260  \\$aLondon :$bChemical Society,$c1972-1999.
=336  \\$atext$2rdacontent
=337  \\$acomputer$2rdamedia
=338  \\$aonline resource$2rdacarrier
=540  \\$aCurrent copyright fee: GBP46.75$c6\1$5Uk
=710  2\$aChemical Society (Great Britain)
=776  0\$tJournal of the Chemical Society. Perkin transactions. 1$c(Print)$x0300-922X
=780  00$tJournal of the Chemical Society. C. Organic$c(Online)$x2050-5604
=785  00$tPerkin 1$c(Online)$x2050-8263
=856  \\$31850-9999$uhttp://www.rsc.org/$xBLDSS
=856  4\$uhttp://pubs.rsc.org/en/journals?key=title&value=archive$zFollow links to resource
=945  \\$aJOURNAL- CHEMICAL SOCIETY PERKIN TRANSACTIONS 1
=979  \\$aBritish Library$bDSC$j4729.100000
=985  \\$aISSN description based on: ISSN print record and digitised front matter from 1972 issue (RSC Publishing, viewed July 13, 2012).
=985  \\$aISSN RECORD FOR DIGITAL REPRODUCTION ONLY.
=CAT  \\$a11316$b40$c20120713$lBLL01$h1229
=CAT  \\$a5552$b40$c20190221$lBLL01$h1402
=CAT  \\$aBLDSS-3PM$b00$c20190227$lBLL01$h1406
=CAT  \\$aBATCH-UPD$b00$c20190227$lBLL01$h1409
=CFI  0\$aCurrent copyright fee: GBP46.75$c6\1$e21-feb-2019$fGBP46.75$g0$hP$5Uk
=FFP  \\$aY$bBLDSS-3PM
=FIN  \\$aY$d20120713
=UNO  \\$aY
=LAS  \\$aBATCH-UPD$b00$c20190227$lBLL01$h1409

