=LDR  02513 as a22005177a 4500
=001  016125251
=003  Uk
=005  20190221124019.0
=006  m\\\\\\\\d\|\\\\\\
=007  cr||||||||||||
=008  120716d19721974enkmr\p\o\\\\\0\\\a0eng\\
=FMT  \\$a  SE
=022  0\$a2050-8298$202
=040  \\$aUk$beng$cUk
=042  \\$aissnuk
=210  0\$aProc. Soc. Anal. Chem. Anal. Div. Chem. Soc.$b(Online)
=222  \0$aProceedings of the Society for Analytical Chemistry, Analytical Division, Chemical Society$b(Online)
=245  00$aProceedings of the Society for Analytical Chemistry, Analytical Division, Chemical Society$h[electronic resource].
=260  \\$aLondon :$bSociety for Analytical Chemistry
=310  \\$aMonthly
=336  \\$atext$2rdacontent
=337  \\$acomputer$2rdamedia
=338  \\$aonline resource$2rdacarrier
=540  \\$aCurrent Copyright Fee: GBP46.75$c6\1$5Uk
=710  2\$aChemical Society (Great Britain).$bAnalytical Division.
=710  2\$aSociety for Analytical Chemistry.
=776  0\$tProceedings of the Society for Analytical Chemistry, Analytical Division, Chemical Society$x0037-9697
=780  00$tProceedings of the Society for Analytical Chemistry$c(Online)$x2050-8301
=785  00$tProceedings of the Analytical Division of the Chemical Society$c(Online)$x2050-8271
=856  \\$31850-9999$uhttp://www.rsc.org/$xBLDSS
=856  4\$uhttp://pubs.rsc.org/en/journals?key=title&value=archive$zFollow links to resource
=945  \\$aProceedings- Society for Analytical Chemistry.
=979  \\$aBritish Library$bDSC$j6811.685000
=985  \\$aISSN description based on: ISSN print record and digitised front matter from Vol. 9, no. 1 (Jan. 1972) (RSC Publishing, viewed July 16, 2012).
=985  \\$aISSN RECORD ONLY. DO NOT MERGE OR ADD ITEMS. BL COLLECTION TITLES DO NOT FOLLOW ISSN TITLE CHANGES. (Three year trial period of amagamation with the Chemical Society, the SAC became also the AD of the CS. see Vol. 10, issue 4 (1973)) SF 16/07/2012.
=985  \\$aISSN RECORD FOR DIGITAL REPRODUCTION.
=CAT  \\$a11316$b40$c20120716$lBLL01$h1157
=CAT  \\$a5552$b40$c20190221$lBLL01$h1237
=CAT  \\$a5552$b40$c20190221$lBLL01$h1240
=CAT  \\$aBLDSS-3PM$b00$c20190227$lBLL01$h1406
=CAT  \\$aBATCH-UPD$b00$c20190227$lBLL01$h1409
=CFI  0\$aCurrent copyright fee: GBP46.75$c6\1$e21-feb-2019$fGBP46.75$g0$hP$5Uk
=FFP  \\$aY$bBLDSS-3PM
=FIN  \\$aY$d20120716
=UNO  \\$aY
=LAS  \\$aBATCH-UPD$b00$c20190227$lBLL01$h1409

