=LDR  02044 as a22005177a 4500
=001  016125393
=003  Uk
=005  20190221142553.0
=006  m\\\\\\\\d\|\\\\\\
=007  cr||||||||||||
=008  120716d19941997enkbr\p\o\\\\\0\\\a0eng\\
=FMT  \\$a  SE
=022  0\$a2050-8328$202
=040  \\$aUk$beng$cUk
=042  \\$aissnuk
=210  0\$aContemp. org. synth.$b(Online)
=222  \0$aContemporary organic synthesis$b(Online)
=245  00$aContemporary organic synthesis$h[electronic resource].
=260  \\$aCambridge :$bRoyal Society of Chemistry,$c1994-1997.
=310  \\$aSix issues yearly
=336  \\$atext$2rdacontent
=337  \\$acomputer$2rdamedia
=338  \\$aonline resource$2rdacarrier
=362  0\$aVol. 1, no. 1 (Feb. 1994)-vol. 4, no. 6 (Dec. 1997).
=540  \\$aCurrent copyright fee: GBP46.75$c6\2$5Uk
=550  \\$aIssued by: the Royal Society of Chemistry
=710  2\$aRoyal Society of Chemistry (Great Britain)
=776  0\$tContemporary organic synthesis$x1350-4894
=780  00$tGeneral and synthetic methods (Online)$x2050-8336
=856  \\$31850-9999$uhttp://www.rsc.org/$xBLDSS
=856  4\$uhttp://pubs.rsc.org/en/journals?key=title&value=archive$zFollow links to resource
=945  \\$aCONTEMPORARY ORGANIC SYNTHESIS
=979  \\$aBritish Library$bDSC$j3425.197550
=985  \\$aISSN description based on: ISSN print record and digitised front matter from Vol. 1, no. 1 (Feb. 1994) (RSC Publishing, viewed July 16, 2012).
=985  \\$aISSN RECORD FOR DIGITAL REPRODUCTION ONLY.
=CAT  \\$a11316$b40$c20120716$lBLL01$h1416
=CAT  \\$a11316$b40$c20120716$lBLL01$h1419
=CAT  \\$a11316$b40$c20120716$lBLL01$h1449
=CAT  \\$a5552$b40$c20190221$lBLL01$h1425
=CAT  \\$aBLDSS-3PM$b00$c20190227$lBLL01$h1406
=CAT  \\$aBATCH-UPD$b00$c20190227$lBLL01$h1409
=CFI  0\$aCurrent copyright fee: GBP46.75$c6\2$e21-feb-2019$fGBP46.75$g0$hP$5Uk
=FFP  \\$aY$bBLDSS-3PM
=FIN  \\$aY$d20120716
=UNO  \\$aY
=LAS  \\$aBATCH-UPD$b00$c20190227$lBLL01$h1409

