=LDR  01904 as a22004697a 4500
=001  016134178
=003  Uk
=005  20190221121426.0
=006  m\\\\\\\\d\|\\\\\\
=007  cr||||||||||||
=008  120730d19711976enkar\\\o\\\\\0\\\a0eng\\
=FMT  \\$a  SE
=022  0\$a2050-845X$202
=040  \\$aUk$beng$cUk
=042  \\$aissnuk
=210  0\$aSel. annu. rev. anal. sci.$b(Online)
=222  \0$aSelected annual reviews of the analytical sciences$b(Online)
=245  00$aSelected annual reviews of the analytical sciences$h[electronic resource].
=260  \\$aLondon :$bChemical Society,$c1971-1976.
=336  \\$atext$2rdacontent
=337  \\$acomputer$2rdamedia
=338  \\$aonline resource$2rdacarrier
=500  \\$aTo vol.3, 1973, published by the Society for Analytical Chemistry.
=540  \\$aCurrent copyright fee: GBP46.75$c6\1$5Uk
=710  2\$aSociety for Analytical Chemistry.
=710  2\$aChemical Society (Great Britain)
=776  0\$tSelected annual reviews of the analytical sciences$x0300-9963
=856  \\$31850-9999$uhttp://www.rsc.org/$xBLDSS
=856  4\$uhttp://pubs.rsc.org/en/journals?key=title&value=archive$zFollow links to resource
=945  \\$aSelected annual reviews of the analytical sciences.
=979  \\$aBritish Library$bDSC$j8232.400000
=985  \\$aISSN description based on: ISSN print record and digitised front matter from Vol. 1 (1971) (RSC Publishing, viewed July 30, 2012).
=985  \\$aISSN RECORD FOR DIGITAL REPRODUCTION ONLY.
=CAT  \\$a11316$b40$c20120730$lBLL01$h1146
=CAT  \\$a5552$b40$c20190221$lBLL01$h1214
=CAT  \\$aBLDSS-3PM$b00$c20190227$lBLL01$h1406
=CAT  \\$aBATCH-UPD$b00$c20190227$lBLL01$h1409
=CFI  0\$aCurrent copyright fee: GBP46.75$c6\1$e21-feb-2019$fGBP46.75$g0$hP$5Uk
=FFP  \\$aY$bBLDSS-3PM
=FIN  \\$aY$d20120730
=UNO  \\$aY
=LAS  \\$aBATCH-UPD$b00$c20190227$lBLL01$h1409

