=LDR  02077 as a22005417a 4500
=001  016134211
=003  Uk
=005  20190221122410.0
=006  m\\\\\\\\d\|\\\\\\
=007  cr||||||||||||
=008  120730d19681971enkfr\p\o\\\\\0\\\a0eng\\
=FMT  \\$a  SE
=022  0\$a2050-8468$202
=040  \\$aUk$beng$cUk
=042  \\$aissnuk
=082  04$a540.5$222
=210  0\$aRIC rev.$b(Online)
=222  \0$aRIC reviews$b(Online)
=245  00$aRIC reviews$h[electronic resource].
=246  3\$aRoyal Institute of Chemistry reviews
=260  \\$aLondon :$bRoyal Institute of Chemistry,$c1968-1971.
=310  \\$aSemiannual
=336  \\$atext$2rdacontent
=337  \\$acomputer$2rdamedia
=338  \\$aonline resource$2rdacarrier
=540  \\$aCurrent copyright fee: GBP46.75$c6\2$5Uk
=580  \\$aMerged with: Chemical Society (Great Britain). Quarterly reviews, to form: Chemical Society (Great Britain). Chemical Society reviews.
=710  2\$aRoyal Institute of Chemistry.
=776  0\$tRIC Reviews$x0035-8940
=780  00$tRoyal Institute of Chemistry, Lecture Series
=785  17$tQuarterly reviews - Chemical Society
=785  17$tChemical Society reviews
=856  \\$31850-9999$uhttp://www.rsc.org/$xBLDSS
=856  4\$uhttp://pubs.rsc.org/en/journals?key=title&value=archive$zFollow links to resource
=945  \\$aRIC Reviews
=979  \\$aBritish Library$bDSC$j7963.790000
=985  \\$aISSN description based on: ISSN print record and digitised front matter from Vol. 1, no. 1 (Feb. 1968) (RSC Publishing, viewed July 30, 2012).
=985  \\$aISSN RECORD FOR DIGITAL REPRODUCTION ONLY.
=CAT  \\$a11316$b40$c20120730$lBLL01$h1219
=CAT  \\$a5552$b40$c20190221$lBLL01$h1210
=CAT  \\$a5552$b40$c20190221$lBLL01$h1224
=CAT  \\$aBLDSS-3PM$b00$c20190227$lBLL01$h1406
=CAT  \\$aBATCH-UPD$b00$c20190227$lBLL01$h1409
=CFI  0\$aCurrent copyright fee: GBP46.75$c6\2$e21-feb-2019$fGBP46.75$g0$hP$5Uk
=FFP  \\$aY$bBLDSS-3PM
=FIN  \\$aY$d20120730
=UNO  \\$aY
=LAS  \\$aBATCH-UPD$b00$c20190227$lBLL01$h1409

