=LDR  01864 as a22004817a 4500
=001  016134216
=003  Uk
=005  20190221122701.0
=006  m\\\\\\\\d\|\\\\\\
=007  cr||||||||||||
=008  120730d19471971enkqr\p\o\\\\\0\\\a0eng\\
=FMT  \\$a  SE
=022  0\$a2050-9227$202
=040  \\$aUk$beng$cUk
=042  \\$aissnuk
=210  0\$aQ. rev.$b(Chem. Soc., Online)
=222  \0$aQuarterly reviews$b(Chemical Society. Online)
=245  00$aQuarterly reviews$h[electronic resource].
=260  \\$aLondon :$bChemical Society,$c1947-1971.
=336  \\$atext$2rdacontent
=337  \\$acomputer$2rdamedia
=338  \\$aonline resource$2rdacarrier
=540  \\$aCurrent copyright fee: GBP46.75$c6\2$5Uk
=580  \\$aMerged with: RIC reviews, to form: Chemical Society reviews.
=710  2\$aChemical Society (Great Britain)
=776  0\$tQuarterly reviews$c(Chemical Society)$x0009-2681
=785  17$tRIC reviews$c(Online)$x2050-8468
=785  17$tChemical Society reviews$c(Online)$x1460-4744
=856  \\$31850-9999$uhttp://www.rsc.org/$xBLDSS
=856  4\$uhttp://pubs.rsc.org/en/journals?key=title&value=archive$zFollow links to resource
=945  \\$aQuarterly reviews- Chemical Society London.
=979  \\$aBritish Library$bDSC$j7203.550000
=985  \\$aISSN description based on: ISSN print record and digitised front matter (RSC Publishing, viewed Jult 30, 2012).
=985  \\$aISSN RECORD FOR DIGITAL REPRODUCTION ONLY.
=CAT  \\$a11316$b40$c20120730$lBLL01$h1236
=CAT  \\$a5552$b40$c20190221$lBLL01$h1227
=CAT  \\$aBLDSS-3PM$b00$c20190227$lBLL01$h1406
=CAT  \\$aBATCH-UPD$b00$c20190227$lBLL01$h1409
=CFI  0\$aCurrent copyright fee: GBP46.75$c6\2$e21-feb-2019$fGBP46.75$g0$hP$5Uk
=FFP  \\$aY$bBLDSS-3PM
=FIN  \\$aY$d20120730
=UNO  \\$aY
=LAS  \\$aBATCH-UPD$b00$c20190227$lBLL01$h1409

