=LDR  02453 as a22006257i 4500
=001  016312157
=003  Uk
=005  20191002115428.0
=006  m\\\\\\\\d\|\\\\\\
=007  cr||||||||||||
=008  130402d20022013enkqr\p\o\\\\\0\\\a0eng\\
=FMT  \\$a  SE
=022  0\$a2052-5311$202
=040  \\$aUk$beng$cUk$erda
=042  \\$aissnuk
=210  0\$aWound care$b(London. Online)
=222  \0$aWound care$b(London. Online)
=245  00$aWound care.
=246  13$aWoundCare
=264  \1$aLondon :$bMA Healthcare
=310  \\$aQuarterly
=336  \\$atext$2rdacontent
=337  \\$acomputer$2rdamedia
=338  \\$aonline resource$2rdacarrier
=540  \\$aCurrent Copyright Fee: GBP20.00$c97\0$5Uk
=550  \\$aProduced with the Wound Care Society 2002-<2007>. In association with Wound Care Alliance UK 2008- .
=580  \\$aIssues listed on Web site as supplements under parent title: British journal of community nursing.
=710  2\$aWound Care Society.
=710  2\$aWound Care Alliance UK.
=772  1\$tBritish journal of community nursing$x2052-2215
=776  08$iAlso issued in print as:$tWound care$x1748-8710
=785  00$tCommunity wound care$x2633-3252
=856  \\$31850-9999$uhttp://www.markallengroup.com/ma-healthcare/$xBLDSS
=856  40$uhttp://www.internurse.com/cgi-bin/go.pl/library/issues.html?journal_uid=10$zFollow links to supplements
=945  \\$aWOUND CARE -LONDON-.
=979  \\$aBritish Library$bDSC$j9364.529153
=985  \\$aISSN description based on: print version record; latest issue consulted: March 2013 issue (internurse.com, viewed April 2, 2013).
=985  \\$aISSN RDA COMPLETION - TO BE CATALOGUED BY RDA TRAINED CATALOGUERS.
=CAT  \\$a11316$b40$c20130402$lBLL01$h1615
=CAT  \\$a11316$b40$c20130416$lBLL01$h0922
=CAT  \\$a8871$b40$c20130426$lBLL01$h1306
=CAT  \\$a11313$b40$c20130524$lBLL01$h1215
=CAT  \\$a5552$b40$c20131121$lBLL01$h1411
=CAT  \\$aBLDSS-3PM$b00$c20150131$lBLL01$h2315
=CAT  \\$aBATCH-UPD$b00$c20160413$lBLL01$h1826
=CAT  \\$a5552$b40$c20170209$lBLL01$h1047
=CAT  \\$a8483$b40$c20191002$lBLL01$h1126
=CAT  \\$a8483$b40$c20191002$lBLL01$h1154
=CFI  0\$aCurrent copyright fee: GBP20.00$c97\0$e21-nov-2013$fGBP20.00$g0$hP$5Uk
=FFP  \\$aY$bBLDSS-3PM
=FIN  \\$aY$d20130416
=LET  \0$aWound care (Electronic)
=TOC  \\$aETOC
=UNO  \\$aY
=LAS  \\$a8483$b40$c20191002$lBLL01$h1154

