=LDR  02476 as a2200637 i 4500
=001  016320015
=003  Uk
=005  20161122123523.0
=006  m\\\\\\\\d\|\\\\\\
=007  cr||||||||||||
=008  130415d20042011enkmr\p\o\\\\\0\\\a0eng\\
=FMT  \\$a  SE
=022  0\$a2052-4595$202
=040  \\$aUk$beng$cUk$erda
=042  \\$aissnuk
=082  04$a372.241$223
=222  \0$a5 to 7 educator$b(Online)
=245  00$a5 to 7 educator.
=246  3\$aFive to seven educator
=246  13$a5 to 7
=264  \1$aLondon :$bMA Education,$c2004-2011.
=300  \\$billustrations (colour)
=310  \\$aMonthly
=336  \\$atext$2rdacontent
=337  \\$acomputer$2rdamedia
=338  \\$aonline resource$2rdacarrier
=362  0\$aOctober 2004-
=362  1\$aCeased with September 2011.
=500  \\$aTitle from PDF masthead (publisher's Web site, viewed October 13, 2014).
=588  \\$aLatest issue consulted: October 2010 (viewed October 13, 2014).
=540  \\$aCurrent Copyright Fee: GBP20.00$c97\0$5Uk
=650  \0$aEducation, Primary$zGreat Britain$vPeriodicals.
=776  08$iAlso issued in print as:$t5 to 7 educator$x1746-7500
=780  00$tFive to eleven$x2052-6245
=785  00$tPrimary teacher update$x2052-4609
=856  \\$31850-9999$uhttp://www.markallengroup.com/ma-healthcare/$xBLDSS
=856  40$uhttp://www.intered.uk.com/cgi-bin/go.pl/library/issues.html?journal_uid=19$zFollow links to resource
=945  \\$a5 to 7 Educator
=979  \\$aBritish Library$cDSC$j9649.000000N
=985  \\$aISSN description based on: October 2004 issue; title from PDF article (intered viewed April 15, 2013). Latest issue consulted: August/September 2011 issue (viewed April 15, 2013).
=CAT  \\$a11316$b40$c20130415$lBLL01$h1506
=CAT  \\$a11313$b40$c20130524$lBLL01$h1212
=CAT  \\$a5552$b40$c20131121$lBLL01$h1411
=CAT  \\$a8201$b40$c20141013$lBLL01$h1542
=CAT  \\$aBLDSS-3PM$b00$c20150131$lBLL01$h2315
=CAT  \\$a8874$b40$c20150317$lBLL01$h1332
=CAT  \\$aBATCH-UPD$b40$c20160413$lBLL01$h1826
=CAT  \\$a5552$b40$c20160919$lBLL01$h1202
=CAT  \\$a5410$b40$c20161122$lBLL01$h1235
=CFI  0\$aCurrent copyright fee: GBP20.00$c97\0$e21-nov-2013$fGBP20.00$g0$hP$5Uk
=FFP  \\$aY$bBLDSS-3PM
=FIN  \\$aY$d20130415
=LET  \0$a(Online)
=LKR  \\$aPAR$b013121304$lBLL01$n5 to 7 educator (Print)$m5 to 7 educator (Online)$r776
=UNO  \\$aY
=LAS  \\$a5410$b40$c20161122$lBLL01$h1235

