=LDR  02196 as a2200589 i 4500
=001  016326284
=003  Uk
=005  20170317153140.0
=006  m\\\\\\\\d\|\\\\\\
=007  cr||||||||||||
=008  130425c19869999enkmr\p\o\\\\\0\\\a0eng\\
=FMT  \\$a  SE
=022  0\$a2052-6326$202
=040  \\$aUk$beng$cUk$dUk$erda
=042  \\$aissnuk
=082  04$a798.6$223
=222  \0$aCarriage driving$b(Online)
=245  00$aCarriage driving.
=264  \1$aDinton :$bA&D Media Limited
=300  \\$billustrations (colour)
=310  \\$aMonthly
=336  \\$atext$2rdacontent
=337  \\$acomputer$2rdamedia
=338  \\$aonline resource$2rdacarrier
=362  1\$aPrint began in 1986.
=588  \\$aDescription based on: October 2013 ; title from PDF contents page (publisher's Web site, viewed Oct. 13, 2014).
=540  \\$aCurrent Copyright Fee: GBP20.00$c97\0$5Uk
=650  \0$aDriving of horse-drawn vehicles$vPeriodicals.
=776  08$iAlso issued in print as:$tCarriage driving$x0958-1820
=856  \\$31850-9999$uhttp://www.markallengroup.com/ma-healthcare/$xBLDSS
=856  4\$uhttp://www.carriage-driving.com/$zTo subscribe
=945  \\$aCARRIAGE DRIVING.
=979  \\$aBritish Library$bDSC$j3055.460700N
=985  \\$aISSN description based on: October 2011 issue; title from PDF cover (publisher's Web site, viewed April 25, 2013).
=CAT  \\$a11316$b40$c20130425$lBLL01$h0900
=CAT  \\$a5552$b40$c20131121$lBLL01$h1540
=CAT  \\$a8201$b40$c20141013$lBLL01$h1531
=CAT  \\$aBLDSS-3PM$b00$c20150131$lBLL01$h2315
=CAT  \\$a8874$b40$c20150317$lBLL01$h1333
=CAT  \\$aBATCH-UPD$b40$c20151115$lBLL01$h1710
=CAT  \\$aBATCH-UPD$b40$c20160413$lBLL01$h1826
=CAT  \\$a5552$b40$c20161215$lBLL01$h1533
=CAT  \\$a5410$b40$c20170317$lBLL01$h1531
=CFI  0\$aCurrent copyright fee: GBP20.00$c97\0$e21-nov-2013$fGBP20.00$g0$hP$5Uk
=FFP  \\$aY$bBLDSS-3PM
=FIN  \\$aY$d20130425
=LET  \0$aCarriage driving (Electronic)
=LKR  \\$aPAR$b011827722$lBLL01$nCarriage driving (Print)$mCarriage driving (Online)$r776
=MNI  \\$a0958-1820
=TOC  \\$aETOC
=UNO  \\$aY
=LAS  \\$a5410$b40$c20170317$lBLL01$h1531

