=LDR  01836 as a22004937i 4500
=001  016479557
=003  Uk
=005  20170317145021.0
=006  m\\\\\\\\d\|\\\\\\
=007  cr||||||||||||
=008  130821c19339999enkwr\p\o\\\\\0\\\a0eng\\
=FMT  \\$a  SE
=022  0\$a2053-6186$202
=040  \\$aUk$beng$cUk$erda
=042  \\$aissnuk
=222  \4$aThe pharmaceutical journal$b(Online)
=245  04$aThe pharmaceutical journal.
=264  \1$a[London] :$bPharmaceutical Press
=310  \\$aWeekly
=336  \\$atext$2rdacontent
=337  \\$acomputer$2rdamedia
=338  \\$aonline resource$2rdacarrier
=538  \\$aMode of access: mobile devices
=540  \\$aCurrent Copyright Fee: GBP35.00$c98\0$5Uk
=776  08$iAlso issued in print as:$tPharmaceutical journal$x0031-6873
=787  0\$tPJOnline$x2047-637X
=856  \\$31850-9999$uhttp://www.pharmpress.com/$xBLDSS
=856  4\$uhttps://itunes.apple.com/gb/app/pj-publications/id649954083?ls=1&mt=8$zTo download
=945  \\$aPharmaceutical journal.
=979  \\$aBritish Library$bDSC$j6444.000000
=985  \\$aISSN description based on: 11 May 2013; title from cover image (itunes.apple.com website, viewed August 21 2013).
=985  \\$aISSN RDA COMPLETION - TO BE CATALOGUED BY RDA TRAINED CATALOGUERS.
=CAT  \\$a11313$b40$c20130821$lBLL01$h1528
=CAT  \\$a5552$b40$c20131128$lBLL01$h1447
=CAT  \\$aBLDSS-3PM$b00$c20150131$lBLL01$h2315
=CAT  \\$aBATCH-UPD$b00$c20160413$lBLL01$h1826
=CAT  \\$a5552$b40$c20170216$lBLL01$h0925
=CAT  \\$a5410$b40$c20170317$lBLL01$h1450
=CFI  0\$aCurrent Copyright Fee: GBP35.00$c98\0$e28-nov-2013$fGBP35.00$g0$hP$5Uk
=FFP  \\$aY$bBLDSS-3PM
=FIN  \\$aY$d20130821
=LET  \4$aThe pharmaceutical journal (Electronic)
=UNO  \\$aY
=LAS  \\$a5410$b40$c20170317$lBLL01$h1450

