=LDR  01803 as a22004577i 4500
=001  016493718
=003  Uk
=005  20190730142228.0
=006  m\\\\\\\\d\|\\\\\\
=007  cr||||||||||||
=008  130910d19691999stkar\p\o\\\\\0\\\a0eng\\
=FMT  \\$a  SE
=022  0\$a2053-7824$202
=040  \\$aUk$beng$cUk$erda
=042  \\$aissnuk
=082  04$a936.11005$223
=210  0\$aGlasg. archaeol. j.$b(Online)
=222  \0$aGlasgow archaeological journal$b(Online)
=245  00$aGlasgow archaeological journal.
=260  \\$aGlasgow :$bGlasgow Archaeological Soc.,$c1969-1999.
=336  \\$atext$2rdacontent
=337  \\$acomputer$2rdamedia
=338  \\$aonline resource$2rdacarrier
=540  \\$aCurrent copyright fee: GBP15.00$c121\0$5Uk
=580  \\$aIssues listed under Web site of later title: Scottish archaeological journal.
=588  \\$aDescription based on print version record.
=588  \\$aLatest issue consulted: volume 21 (1999) (Edinburgh University Press, viewed September 10, 2013).
=776  08$iAlso issued in print as:$tGlasgow archaeological journal$x0305-8980
=785  10$tScottish archaeological journal (Online)$x1755-2028
=856  \\$31850-9999$uhttp://www.euppublishing.com/journals$xBLDSS
=856  4\$uhttp://www.euppublishing.com/loi/saj$zFollow links to issues
=985  \\$aISSN RECORD FOR DIGITAL REPRODUCTION.
=CAT  \\$a11316$b40$c20130910$lBLL01$h1234
=CAT  \\$a12654$b40$c20190730$lBLL01$h1421
=CAT  \\$a12654$b40$c20190730$lBLL01$h1422
=CAT  \\$aBLDSS-3PM$b00$c20190806$lBLL01$h1412
=CAT  \\$aBATCH-UPD$b00$c20190806$lBLL01$h1423
=CFI  0\$aCurrent copyright fee: GBP15.00$c121\0$e30-jul-2019$fGBP15.00$g0$hP$5Uk
=FFP  \\$aY$bBLDSS-3PM
=FIN  \\$aY$d20130910
=LAS  \\$aBATCH-UPD$b00$c20190806$lBLL01$h1423

