=LDR  02026 as a22005417a 4500
=001  014638636
=003  Uk
=005  20200608142303.0
=006  m\\\\\\\\d\|\\\\\\
=007  cr||||||||||||
=008  080609c20039999gw\qr\p\s\\\\\0\\\a0eng\\
=FMT  \\$a  SE
=022  0\$a1757-9996
=040  \\$aUk$beng$cUk
=210  0\$aOral health prev. dent.$b(Online)
=222  \0$aOral health & preventive dentistry$b(Online)
=245  00$aOral health & preventive dentistry$h[electronic resource].
=246  3\$aOral health and preventive dentistry
=260  \\$aNew Malden :$bQuintessence
=264  31$aBerlin :$bQuintessenz Verlag
=310  \\$aQuarterly
=336  \\$atext$2rdacontent
=337  \\$acomputer$2rdamedia
=338  \\$aonline resource$2rdacarrier
=540  \\$aCurrent Copyright Fee: GBP20.00$c91\0$5Uk
=776  08$iPrint version, -2019:$tOral health & preventive dentistry$x1602-1622
=856  \\$31850-9999$uhttp://www.quintpub.co.uk/$xBLDSS
=856  40$uhttp://www.quintpub.com/journals/ohpd/gp.php?journal_name=OHPD&name_abbr=OHPD$zTo subscribe, login and password required
=945  \\$aOral health and preventive dentistry.
=979  \\$aBritish Library$bDSC$j6277.505000
=985  \\$aISSN responsibility transferred to ISSN Germany, 08/06/20
=CAT  \\$a6537$b40$c20080609$lBLL01$h0949
=CAT  \\$a6537$b40$c20081124$lBLL01$h1137
=CAT  \\$a5552$b40$c20130828$lBLL01$h0838
=CAT  \\$aBLDSS-3PM$b00$c20150131$lBLL01$h2313
=CAT  \\$aBATCH-UPD$b00$c20160413$lBLL01$h1822
=CAT  \\$aBATCH-UPD$b00$c20160524$lBLL01$h2300
=CAT  \\$aBATCH-UPD$b00$c20160525$lBLL01$h0653
=CAT  \\$a5552$b40$c20170321$lBLL01$h1220
=CAT  \\$a10806$b40$c20200608$lBLL01$h1422
=CAT  \\$a10806$b40$c20200608$lBLL01$h1423
=CFI  0\$aCurrent Copyright Fee: GBP20.00$c91\0$e28-aug-2013$fGBP20.00$g0$hP$5Uk
=FFP  \\$aY$bBLDSS-3PM
=FIN  \\$aY$d20080609
=TCO  \\$aCLA$bCLA$c008
=TOC  \\$aETOC
=UNO  \\$aY
=LAS  \\$a10806$b40$c20200608$lBLL01$h1423

