=LDR  01991 as a22005417a 4500
=001  014835088
=003  Uk
=005  20170411144558.0
=006  m\\\\\\\\d\|\\\\\\
=007  cr||||||||||||
=008  081124c20019999enkqr\p\s\\\\\0\\\a0eng\\
=FMT  \\$a  SE
=022  0\$a1867-5611$202
=040  \\$aUk$beng$cUk
=042  \\$aissnuk
=210  0\$aJ. oral laser appl.$b(Online)
=222  \0$aJournal of oral laser applications$b(Online)
=245  00$aJournal of oral laser applications$h[electronic resource].
=260  \\$aNew Malden :$bQuintessence Publishing
=310  \\$aQuarterly
=336  \\$atext$2rdacontent
=337  \\$acomputer$2rdamedia
=338  \\$aonline resource$2rdacarrier
=540  \\$aCurrent Copyright Fee: GBP20.00$c91\0$5Uk
=710  2\$aEuropean Society for Oral Laser Applications.
=776  0\$tJournal of oral laser applications$x1473-7809
=856  \\$31850-9999$uhttp://www.quintpub.co.uk/$xBLDSS
=856  40$uhttp://www.quintpub.com/journals/jola/gp.php?journal_name=JOLA&name_abbr=JOLA$zTo subscribe, login and password required
=945  \\$aJournal of oral laser applications.
=979  \\$aBritish Library$bDSC$j5026.415000
=985  \\$aResponsibility for ISSN taken by ISSN UK Centre from ISSN Germany 24.11.08
=CAT  \\$a6537$b40$c20081124$lBLL01$h1145
=CAT  \\$a6537$b40$c20081124$lBLL01$h1150
=CAT  \\$a5552$b40$c20130828$lBLL01$h0825
=CAT  \\$aBLDSS-3PM$b00$c20150131$lBLL01$h2313
=CAT  \\$aBATCH-UPD$b00$c20160413$lBLL01$h1823
=CAT  \\$aBATCH-UPD$b00$c20160524$lBLL01$h2300
=CAT  \\$aBATCH-UPD$b00$c20160525$lBLL01$h0653
=CAT  \\$a5552$b40$c20170407$lBLL01$h1433
=CAT  \\$a5410$b40$c20170411$lBLL01$h1445
=CFI  0\$aCurrent Copyright Fee: GBP20.00$c91\0$e28-aug-2013$fGBP20.00$g0$hP$5Uk
=FFP  \\$aY$bBLDSS-3PM
=FIN  \\$aY$d20081124
=MNI  \\$a1473-7809
=TCO  \\$aCLA$bCLA$c008
=TOC  \\$aETOC
=UNO  \\$aY
=LAS  \\$a5410$b40$c20170411$lBLL01$h1445

