=LDR  01726 as a22004937a 4500
=001  014835098
=003  Uk
=005  20170310120308.0
=006  m\\\\\\\\d\|\\\\\\
=007  cr||||||||||||
=008  081124c20049999enkqr\p\s\\\\\0\\\a0eng\\
=FMT  \\$a  SE
=022  0\$a1867-5638$202
=040  \\$aUk$beng$cUk
=042  \\$aissnuk
=222  \0$aPerio$b(Online)
=245  00$aPerio$h[electronic resource] :$bperiodontal practice today.
=260  \\$aNew Malden :$bQuintessence Publishing
=310  \\$aQuarterly
=336  \\$atext$2rdacontent
=337  \\$acomputer$2rdamedia
=338  \\$aonline resource$2rdacarrier
=540  \\$aCurrent Copyright Fee: GBP20.00$c91\0$5Uk
=776  0\$tPerio$x1742-3279
=856  \\$31850-9999$uhttp://www.quintpub.co.uk/$xBLDSS
=856  40$uhttp://www.quintpub.com/journals/perio/gp.php?journal_name=PERIO&name_abbr=PERIO$zTo subscribe, login and password required
=945  \\$aPerio.
=979  \\$aBritish Library$bDSC$j6425.146500
=985  \\$aResponsibility for ISSN taken by ISSN UK Centre from ISSN Germany 24.11.08
=CAT  \\$a6537$b40$c20081124$lBLL01$h1151
=CAT  \\$aISSN$b40$c20081203$lBLL01$h0910
=CAT  \\$a5552$b40$c20130828$lBLL01$h0837
=CAT  \\$aBLDSS-3PM$b00$c20150131$lBLL01$h2313
=CAT  \\$aBATCH-UPD$b00$c20160413$lBLL01$h1823
=CAT  \\$aBATCH-UPD$b00$c20160524$lBLL01$h2300
=CAT  \\$aBATCH-UPD$b00$c20160525$lBLL01$h0653
=CAT  \\$a5552$b40$c20170310$lBLL01$h1203
=CFI  0\$aCurrent Copyright Fee: GBP20.00$c91\0$e28-aug-2013$fGBP20.00$g0$hP$5Uk
=FFP  \\$aY$bBLDSS-3PM
=FIN  \\$aY$d20081124
=TCO  \\$aCLA$bCLA$c008
=TOC  \\$aETOC
=UNO  \\$aY
=LAS  \\$a5552$b40$c20170310$lBLL01$h1203

