=LDR  01819 as a22005057a 4500
=001  014835117
=003  Uk
=005  20170220131114.0
=006  m\\\\\\\\d\|\\\\\\
=007  cr||||||||||||
=008  081124c20079999enkfr\p\s\\\\\0\\\a0eng\\
=FMT  \\$a  SE
=022  0\$a1867-5646$202
=040  \\$aUk$beng$cUk
=042  \\$aissnuk
=210  0\$aChin. j. dent. res.$b(Online)
=222  \4$aThe Chinese journal of dental research$b(Online)
=245  04$aThe Chinese journal of dental research$h[electronic resource].
=260  \\$aNew Malden :$bQuintessence Publishing
=310  \\$aSemi-annual
=336  \\$atext$2rdacontent
=337  \\$acomputer$2rdamedia
=338  \\$aonline resource$2rdacarrier
=540  \\$aCurrent Copyright Fee: GBP20.00$c91\0$5Uk
=710  2\$aChinese Stomatological Association.
=776  0\$tChinese journal of dental research$x1462-6446
=856  \\$31850-9999$uhttp://www.quintpub.co.uk/$xBLDSS
=856  40$uhttp://cjdr.quintessenz.de/$zTo subscribe, login and password required
=945  \\$aChinese journal of dental research.
=979  \\$aBritish Library$bDSC$j3180.314000
=985  \\$aResponsibility for ISSN taken by ISSN UK Centre from ISSN Germany 24.11.08
=CAT  \\$a6537$b40$c20081124$lBLL01$h1202
=CAT  \\$a5552$b40$c20130827$lBLL01$h1614
=CAT  \\$aBLDSS-3PM$b00$c20150131$lBLL01$h2313
=CAT  \\$aBATCH-UPD$b00$c20160413$lBLL01$h1823
=CAT  \\$aBATCH-UPD$b00$c20160524$lBLL01$h2300
=CAT  \\$aBATCH-UPD$b00$c20160525$lBLL01$h0653
=CAT  \\$a5552$b40$c20170220$lBLL01$h1311
=CFI  0\$aCurrent Copyright Fee: GBP20.00$c91\0$e27-aug-2013$fGBP20.00$g0$hP$5Uk
=FFP  \\$aY$bBLDSS-3PM
=FIN  \\$aY$d20081124
=TCO  \\$aCLA$bCLA$c008
=TOC  \\$aETOC
=UNO  \\$aY
=LAS  \\$a5552$b40$c20170220$lBLL01$h1311

