=LDR  02776cas a2200733 a 4500
=001  021138187
=003  Uk
=005  20230817123719.0
=006  m\\\\\o\\d\\\\\\\\
=007  cr\|||||||||||
=008  200103c20199999ne\ar\pso\\\\\0\\\a0eng\c
=FMT  \\$a  SE
=010  \\$a  2022238339
=022  \\$a2590-2776$l2590-2776
=035  \\$a(OCoLC)1134764273
=040  \\$aINA$beng$cINA$dOCLCF$dCUS$dOCLCO$dCUS$dOCLCQ$dCUS$dUk
=042  \\$aukblsr
=050  14$aQH540$b.O644
=082  04$a333.7$223
=222  \4$aThe open environmental research journal
=245  04$aThe open environmental research journal.
=260  \\$a[Hilversum] :$b[Bentham Open],$c2019-
=300  \\$a1 online resource
=310  \\$aAnnual
=336  \\$atext$2rdacontent
=337  \\$acomputer$2rdamedia
=338  \\$aonline resource$2rdacarrier
=362  1\$aBegan with: Volume 12 (2019)
=588  0\$aVolume 12 (2019); title from PDF article running title (Bentham Open website, viewed January 7, 2023).
=588  1\$aVolume 15 (2022) (viewed January 7, 2023).
=540  \\$aCurrent copyright fee: zero$c38\0$5Uk
=650  \0$aEnvironmental sciences$xResearch$vPeriodicals.
=650  \0$aEnvironmental policy$xResearch$vPeriodicals.
=650  \0$aEcology$vPeriodicals.
=650  \6$aSciences de l'environnement$xRecherche$vPériodiques.
=650  \6$aEnvironnement$xPolitique gouvernementale$xRecherche$vPériodiques.
=650  \7$aEcology.$2fast$0(OCoLC)fst00901476
=650  \7$aEnvironmental policy$xResearch.$2fast$0(OCoLC)fst00913299
=650  \7$aEnvironmental sciences$xResearch.$2fast$0(OCoLC)fst00913504
=655  \7$aperiodicals.$2aat
=655  \7$aPeriodicals.$2fast$0(OCoLC)fst01411641
=655  \7$aPeriodicals.$2lcgft
=655  \7$aPériodiques.$2rvmgf
=780  00$tOpen ecology journal$x1874-2130
=856  \\$31850-9999$uhttp://benthamscience.com/$xBLDSS
=856  40$uhttp://bibpurl.oclc.org/web/70505$uhttps://benthamopen.com/TOECOLJ/home/$70
=945  \\$aOpen Environmental Research Journal
=979  \\$aBritish Library$bDSC$j6265.953786N
=CAT  \\$a10806$b40$c20230711$lBLL01$h1414
=CAT  \\$a12654$b40$c20230718$lBLL01$h1142
=CAT  \\$a12654$b40$c20230718$lBLL01$h1159
=CAT  \\$a12654$b40$c20230719$lBLL01$h0937
=CAT  \\$aBLDSS-3PM$b00$c20230724$lBLL01$h1251
=CAT  \\$aBATCH-UPD$b00$c20230724$lBLL01$h1254
=CAT  \\$a5410$b40$c20230804$lBLL01$h1348
=CAT  \\$a5410$b40$c20230817$lBLL01$h1237
=CAT  \\$a5410$b40$c20230817$lBLL01$h1237
=CFI  0\$aCurrent copyright fee: zero$c38\0$e18-jul-2023$fGBP0.00$g0$hP$5Uk
=FFP  \\$aY$bBLDSS-3PM
=FIN  \\$aY$d20230711
=MNI  \\$a2590-2776
=SID  \\$aZ39$bOCLC
=TOC  \\$aETOC
=LAS  \\$a5410$b40$c20230817$lBLL01$h1237

