=LDR  01796cas a22004937i 4500
=001  020119127
=003  Uk
=005  20220518110455.0
=006  m\\\\\\\\d\|\\\\\\
=007  cr||||||||||||
=008  191112c20219999enk\x\p\o\\\\\0\\\a0eng\\
=FMT  \\$a  SE
=022  0\$a2730-6151$202
=040  \\$aUk$beng$cUk$erda
=042  \\$aissnuk
=082  04$a579.17$223
=222  \0$aISME communications
=245  00$aISME communications.
=246  3\$aInternational Society for Microbial Ecology communications
=264  \1$a[London] :$bSpringer Nature on behalf of the International Society for Microbial Ecology,$c2021-
=336  \\$atext$2rdacontent
=337  \\$acomputer$2rdamedia
=338  \\$aonline resource$2rdacarrier
=500  \\$a"Nature Portfolio" title.
=588  \\$aISSN description based on: 1, article number 6 (2021) ; title from article PDF caption (Publisher's website, viewed May 18, 2022).
=540  \\$aCurrent copyright fee: zero$c16\0$5Uk
=710  2\$aInternational Society for Microbial Ecology,$eissuing body.
=856  4\$31850-9999$uhttp://www.nature.com/$xBLDSS
=856  40$uhttps://www.nature.com/ismecomms$xOA-J
=945  \\$aISME communications
=979  \\$aBritish Library$bDSC$j4583.252650N
=985  \\$aISSN UK Centre: ROAD-OA.
=CAT  \\$a5552$b40$c20210302$lBLL01$h0830
=CAT  \\$aBLDSS-3PM$b00$c20210311$lBLL01$h0713
=CAT  \\$aBATCH-UPD$b00$c20210311$lBLL01$h0714
=CAT  \\$a5410$b40$c20210323$lBLL01$h1110
=CAT  \\$a10973$b40$c20220518$lBLL01$h1102
=CAT  \\$a10973$b40$c20220518$lBLL01$h1104
=CFI  0\$aCurrent copyright fee: zero$c16\0$e02-feb-2021$fGBP0.00$g0$hP$5Uk
=FFP  \\$aY$bBLDSS-3PM
=FIN  \\$aY$d20220518
=TOC  \\$aETOC
=UNO  \\$aY
=LAS  \\$a10973$b40$c20220518$lBLL01$h1104

