=LDR  01600 as a22004817i 4500
=001  020124139
=003  Uk
=005  20210719133546.0
=006  m\\\\\\\\d\|\\\\\\
=007  cr||||||||||||
=008  191112c20219999enk\x\p\o\\\\\0\\\a0eng\\
=FMT  \\$a  SE
=022  0\$a2730-664X$202
=040  \\$aUk$beng$cUk$erda
=042  \\$aissnuk
=082  04$a610$223
=210  0\$aCommun. med.
=222  \0$aCommunications medicine
=245  00$aCommunications medicine.
=264  \1$aLondon :$bNature Portfolio
=336  \\$atext$2rdacontent
=337  \\$acomputer$2rdamedia
=338  \\$aonline resource$2rdacarrier
=588  \\$aISSN description based on: 1:1 (2021) ; title from journal homepage (Publisher's website, viewed July 19, 2021).
=540  \\$aCurrent copyright fee: zero$c16\0$5Uk
=856  4\$31850-9999$uhttp://www.nature.com/$xBLDSS
=856  40$uhttps://www.nature.com/commsmed/$xOA-J
=945  \\$aCommunications Medicine
=979  \\$aBritish Library$bDSC$j3361.104600N
=985  \\$aISSN UK Centre: ROAD-OA.
=CAT  \\$a5552$b40$c20210303$lBLL01$h1229
=CAT  \\$a5552$b40$c20210303$lBLL01$h1249
=CAT  \\$a5552$b40$c20210303$lBLL01$h1303
=CAT  \\$aBLDSS-3PM$b00$c20210311$lBLL01$h0713
=CAT  \\$aBATCH-UPD$b00$c20210311$lBLL01$h0715
=CAT  \\$a5410$b40$c20210323$lBLL01$h0934
=CAT  \\$a10973$b40$c20210719$lBLL01$h1335
=CFI  0\$aCurrent copyright fee: zero$c16\0$e03-mar-2021$fGBP0.00$g0$hP$5Uk
=FFP  \\$aY$bBLDSS-3PM
=FIN  \\$aY$d20210719
=TOC  \\$aETOC
=UNO  \\$aY
=LAS  \\$a10973$b40$c20210719$lBLL01$h1335

