=LDR  01641cas a22004937i 4500
=001  020124143
=003  Uk
=005  20220107115522.0
=006  m\\\\\\\\d\|\\\\\\
=007  cr||||||||||||
=008  191112c20219999enk\x\p\o\\\\\0\\\a0eng\\
=FMT  \\$a  SE
=022  0\$a2730-7034$202
=040  \\$aUk$beng$cUk$erda
=042  \\$aissnuk
=082  04$a572.865$223
=210  0\$aEpigenetics commun.
=222  \0$aEpigenetics communications
=245  00$aEpigenetics communications.
=264  \1$a[London] :$bBMC
=336  \\$atext$2rdacontent
=337  \\$acomputer$2rdamedia
=338  \\$aonline resource$2rdacarrier
=588  \\$aISSN description based on: 1:1 (2021) ; title from article pdf (BMC website, viewed January 7, 2022).
=540  \\$aCurrent copyright fee: zero$c22\1$5Uk
=710  2\$aBioMed Central Ltd.
=856  4\$31850-9999$uhttp://link.springer.com/$xBLDSS
=856  40$uhttps://epicom.biomedcentral.com/$xOA-J
=945  \\$aEpigenetics Communications
=979  \\$aBritish Library$bDSC$j3793.650370N
=985  \\$aISSN UK Centre: ROAD-OA.
=CAT  \\$a5552$b40$c20210303$lBLL01$h1319
=CAT  \\$aBATCH-UNOA$c20210309$lBLL01$h2106
=CAT  \\$aBLDSS-3PM$b00$c20210311$lBLL01$h0713
=CAT  \\$aBATCH-UPD$b00$c20210311$lBLL01$h0715
=CAT  \\$a5410$b40$c20210323$lBLL01$h0958
=CAT  \\$a10973$b40$c20220107$lBLL01$h1046
=CAT  \\$a10973$b40$c20220107$lBLL01$h1155
=CFI  0\$aCurrent copyright fee: zero$c22\1$e03-mar-2021$fGBP0.00$g0$hP$5Uk
=FFP  \\$aY$bBLDSS-3PM
=FIN  \\$aY$d20220107
=TOC  \\$aETOC
=UNO  \\$aY
=LAS  \\$a10973$b40$c20220107$lBLL01$h1155

