=LDR  01700cas a22005057i 4500
=001  020124144
=003  Uk
=005  20211110144208.0
=006  m\\\\\\\\d\|\\\\\\
=007  cr||||||||||||
=008  191112c20219999enk\x\p\o\\\\\0\\\a0eng\\
=FMT  \\$a  SE
=022  0\$a2730-9401$202
=040  \\$aUk$beng$cUk$erda
=042  \\$aissnuk
=082  04$a635$223
=210  0\$aMol. hortic.
=222  \0$aMolecular horticulture
=245  00$aMolecular horticulture.
=264  \1$a[London] :$bBMC
=336  \\$atext$2rdacontent
=337  \\$acomputer$2rdamedia
=338  \\$aonline resource$2rdacarrier
=588  \\$aISSN description based on: 1:1 (2021) ; title from article pdf (Publisher's website, viewed October 21, 2021).
=540  \\$aCurrent copyright fee: zero$c22\1$5Uk
=710  2\$aBioMed Central Ltd.
=710  2\$aShanghai jiao tong da xue.$bNong ye yu sheng wu xue yuan.
=856  40$uhttps://molhort.biomedcentral.com/$xOA-J
=856  4\$31850-9999$uhttp://link.springer.com/$xBLDSS
=945  \\$aMolecular horticulture
=979  \\$aBritish Library$bDSC$j5900.817620N
=985  \\$aISSN UK Centre: ROAD-OA.
=CAT  \\$a5552$b40$c20210303$lBLL01$h1328
=CAT  \\$aBATCH-UNOA$c20210309$lBLL01$h2106
=CAT  \\$aBLDSS-3PM$b00$c20210311$lBLL01$h0713
=CAT  \\$aBATCH-UPD$b00$c20210311$lBLL01$h0715
=CAT  \\$a5410$b40$c20210323$lBLL01$h1052
=CAT  \\$a10973$b40$c20211021$lBLL01$h1055
=CAT  \\$a8871$b40$c20211110$lBLL01$h1442
=CFI  0\$aCurrent copyright fee: zero$c22\1$e03-mar-2021$fGBP0.00$g0$hP$5Uk
=FFP  \\$aY$bBLDSS-3PM
=FIN  \\$aY$d20211021
=TOC  \\$aETOC
=UNO  \\$aY
=LAS  \\$a8871$b40$c20211110$lBLL01$h1442

