=LDR  01823 as a22005417i 4500
=001  020124145
=003  Uk
=005  20210521094737.0
=006  m\\\\\\\\d\|\\\\\\
=007  cr||||||||||||
=008  191112c20219999enk\x\p\o\\\\\0\\\a0eng\\
=FMT  \\$a  SE
=022  0\$a2731-0442$202
=040  \\$aUk$beng$cUk$erda
=042  \\$aissnuk
=082  04$a571.91$223
=210  0\$aAnim. dis.
=222  \0$aAnimal diseases
=245  00$aAnimal diseases.
=264  \1$a[London] :$bBMC, part of Springer Nature
=336  \\$atext$2rdacontent
=337  \\$acomputer$2rdamedia
=338  \\$aonline resource$2rdacarrier
=588  \\$aISSN description based on: 1:1 (2021) ; title from article pdf (publisher's Web site, viewed May 19, 2021).
=540  \\$aCurrent copyright fee: zero$c22\1$5Uk
=710  2\$aHua zhong nong ye da xue.
=710  2\$aBioMed Central Ltd.
=856  4\$31850-9999$uhttp://link.springer.com/$xBLDSS
=856  40$uhttps://animaldiseases.biomedcentral.com/$xOA-J
=945  \\$aAnimal Diseases
=979  \\$aBritish Library$bDSC$j0903.506000N
=985  \\$aISSN UK Centre: ROAD-OA.
=CAT  \\$a5552$b40$c20210303$lBLL01$h1336
=CAT  \\$aBATCH-UNOA$c20210309$lBLL01$h2106
=CAT  \\$aBLDSS-3PM$b00$c20210311$lBLL01$h0713
=CAT  \\$aBATCH-UPD$b00$c20210311$lBLL01$h0715
=CAT  \\$a5410$b40$c20210322$lBLL01$h2254
=CAT  \\$a10973$b40$c20210519$lBLL01$h1604
=CAT  \\$a10973$b40$c20210519$lBLL01$h1607
=CAT  \\$a10973$b40$c20210519$lBLL01$h1613
=CAT  \\$a8871$b40$c20210521$lBLL01$h0946
=CAT  \\$a8871$b40$c20210521$lBLL01$h0947
=CFI  0\$aCurrent copyright fee: zero$c22\1$e03-mar-2021$fGBP0.00$g0$hP$5Uk
=FFP  \\$aY$bBLDSS-3PM
=FIN  \\$aY$d20210519
=TOC  \\$aETOC
=UNO  \\$aY
=LAS  \\$a8871$b40$c20210521$lBLL01$h0947

