=LDR  02383cas a22006497i 4500
=001  019637267
=003  Uk
=005  20230926074642.0
=006  m\\\\\\\\d\|\\\\\\
=007  cr||||||||||||
=008  191204c20209999enk\x\p\o\\\\\0\\\a0eng\\
=FMT  \\$a  SE
=022  0\$a2662-7671$202
=040  \\$aUk$beng$cUk$erda
=042  \\$aissnuk
=082  04$a615.5$223
=210  0\$aBMC complement. med. ther.
=222  \0$aBMC complementary medicine and therapies
=245  00$aBMC complementary medicine and therapies.
=246  3\$aBioMed Central complementary medicine and therapies
=264  \1$aLondon :$bBioMed Central
=336  \\$atext$2rdacontent
=337  \\$acomputer$2rdamedia
=338  \\$aonline resource$2rdacarrier
=362  0\$aVolume 20, issue 1 (December 2020)-
=540  \\$aCurrent copyright fee: zero$c22\1$5Uk
=500  \\$aTitle from journal homepage (viewed February 10, 2020).
=780  00$tBMC complementary and alternative medicine$x1472-6882
=856  \\$31850-9999$uhttp://link.springer.com/$xBLDSS
=856  40$uhttps://link.springer.com/journal/12906$xOA-J
=945  \\$aBMC complementary medicine and therapies.
=979  \\$aBritish Library$bDSC$j2116.050846N
=985  \\$aISSN UK Centre: ISSN assigned by IC as part of Springer project.
=CAT  \\$a10973$b40$c20191204$lBLL01$h1014
=CAT  \\$a10806$b40$c20200210$lBLL01$h1127
=CAT  \\$a10806$b40$c20200210$lBLL01$h1128
=CAT  \\$a12654$b40$c20210617$lBLL01$h1103
=CAT  \\$a12654$b40$c20210622$lBLL01$h0734
=CAT  \\$a12654$b40$c20210622$lBLL01$h0735
=CAT  \\$aBATCH-UNOA$c20210622$lBLL01$h2236
=CAT  \\$aBLDSS-3PM$b00$c20210623$lBLL01$h1119
=CAT  \\$aBATCH-UPD$b00$c20210623$lBLL01$h1120
=CAT  \\$a5410$b40$c20230804$lBLL01$h1951
=CAT  \\$a5410$b40$c20230804$lBLL01$h1953
=CAT  \\$a5410$b40$c20230813$lBLL01$h1612
=CAT  \\$a5410$b40$c20230813$lBLL01$h1613
=CAT  \\$a8055$b40$c20230906$lBLL01$h1155
=CAT  \\$a8055$b40$c20230906$lBLL01$h1157
=CAT  \\$a8055$b40$c20230906$lBLL01$h1223
=CAT  \\$a5410$b40$c20230926$lBLL01$h0746
=CAT  \\$a5410$b40$c20230926$lBLL01$h0746
=CFI  0\$aCurrent copyright fee: zero$c22\1$e17-jun-2021$fGBP0.00$g0$hP$5Uk
=FFP  \\$aY$bBLDSS-3PM
=FIN  \\$aY$d20200210
=TOC  \\$aETOC
=UNO  \\$aY
=LAS  \\$a5410$b40$c20230926$lBLL01$h0746

