=LDR  01600 as a22004937i 4500
=001  019728053
=003  Uk
=005  20200327132312.0
=006  m\\\\\\\\d\|\\\\\\
=007  cr||||||||||||
=008  200227c20199999enkuu\p\o\\\\\0\\\a0eng\\
=FMT  \\$a  SE
=022  0\$a2524-8138$202
=040  \\$aUk$beng$cUk$erda
=042  \\$aissnuk
=082  04$a620.11$223
=210  0\$aBMC mater.
=222  \0$aBMC materials
=245  00$aBMC materials.
=246  3\$aBioMed Central materials
=264  \1$aLondon :$bBioMed Central
=336  \\$atext$2rdacontent
=337  \\$acomputer$2rdamedia
=338  \\$aonline resource$2rdacarrier
=362  0\$a1:1 (2019)-
=500  \\$aTitle from editorial header (viewed February 27, 2020).
=540  \\$aCurrent copyright fee: zero$c22\1$5Uk
=856  \\$31850-9999$uhttp://link.springer.com/$xBLDSS
=856  40$uhttps://bmcmaterials.biomedcentral.com/$xOA-J
=945  \\$aBMC materials.
=979  \\$aBritish Library$bDSC$j2116.050932N
=985  \\$aISSN UK Centre note: ROAD OA
=985  \\$aISSN 2524-8138 originally assigned by the IC as part of their Springer project.
=CAT  \\$a10806$b40$c20200227$lBLL01$h1055
=CAT  \\$a5552$b40$c20200304$lBLL01$h0832
=CAT  \\$a5552$b40$c20200304$lBLL01$h0847
=CAT  \\$aBLDSS-3PM$b00$c20200327$lBLL01$h1323
=CAT  \\$aBATCH-UPD$b00$c20200327$lBLL01$h1324
=CFI  0\$aCurrent copyright fee: zero$c22\1$e04-mar-2020$fGBP0.00$g0$hP$5Uk
=FFP  \\$aY$bBLDSS-3PM
=FIN  \\$aY$d20200227
=TOC  \\$aETOC
=UNO  \\$aY
=LAS  \\$aBATCH-UPD$b00$c20200327$lBLL01$h1324

