=LDR  01636 as a22005057i 4500
=001  019739586
=003  Uk
=005  20200811003118.0
=006  m\\\\\\\\d\|\\\\\\
=007  cr\|||||||||||
=008  200304c20209999enk\x\p\\\\\\\0\\\a0eng\\
=FMT  \\$a  SE
=022  0\$a2662-4044$202
=040  \\$aUk$beng$cUk$erda
=042  \\$aissnuk
=082  04$a574.630$221
=210  0\$aCABI agric. biosci.
=222  \0$aCABI agriculture and bioscience
=245  00$aCABI agriculture and bioscience.
=264  \\$a[London] :$bBioMed Central
=336  \\$atext$2rdacontent
=337  \\$acomputer$2rdamedia
=338  \\$aonline resource$2rdacarrier
=362  0\$a1:1 (2020)-
=540  \\$aCurrent copyright fee: zero$c22\1$5Uk
=856  \\$31850-9999$uhttp://link.springer.com/$xBLDSS
=856  40$uhttps://cabiagbio.biomedcentral.com/$xOA-J
=945  \\$aCABI Agriculture and Bioscience
=979  \\$aBritish Library$bDSC$j2943.842500N
=985  \\$aISSN UK Centre note: ROAD OA
=985  \\$aISSN originally assigned by IC - completed by UK
=CAT  \\$a5552$b40$c20200304$lBLL01$h0847
=CAT  \\$aBLDSS-3PM$b00$c20200327$lBLL01$h1323
=CAT  \\$aBATCH-UPD$b00$c20200327$lBLL01$h1325
=CAT  \\$a10806$b40$c20200623$lBLL01$h1407
=CAT  \\$a10806$b40$c20200623$lBLL01$h1411
=CAT  \\$a5410$b40$c20200702$lBLL01$h1216
=CAT  \\$a5410$b40$c20200811$lBLL01$h0031
=CFI  0\$aCurrent copyright fee: zero$c22\1$e04-mar-2020$fGBP0.00$g0$hP$5Uk
=FFP  \\$aY$bBLDSS-3PM
=FIN  \\$aY$d20200623
=MNI  \\$a2662-4044
=TOC  \\$aETOC
=UNO  \\$aY
=LAS  \\$a5410$b40$c20200811$lBLL01$h0031

