=LDR  01994cas a22005297i 4500
=001  019824547
=003  Uk
=005  20220504093828.0
=006  m\\\\\\\\d\|\\\\\\
=007  cr||||||||||||
=008  200630c20219999enkuu\p\o\\\\\0\\\a0eng\\
=FMT  \\$a  SE
=022  0\$a2634-730X$202
=040  \\$aUk$beng$cUk$erda
=042  \\$aissnuk
=082  04$a550$223
=210  0\$aEarth sci. syst. soc.
=222  \0$aEarth science, systems and society
=245  00$aEarth science, systems and society.
=246  3\$aES³
=264  \1$a[London] :$bGeological Society of London
=336  \\$atext$2rdacontent
=337  \\$acomputer$2rdamedia
=338  \\$aonline resource$2rdacarrier
=500  \\$aPublished by the Geological Society of London using the systems and services of Frontiers Media.
=540  \\$aCurrent copyright fee: zero$c113\0$5Uk
=588  \\$aDescription based on: volume 1, article 10039 (October 2021); title from journal homepage (viewed January 25, 2022).
=710  2\$aGeological Society of London,$eissuing body.
=856  \\$31850-9999$uhttp://www.geolsoc.org.uk/publications$xBLDSS
=856  40$uhttps://www.escubed.org/journals/earth-science-systems-and-society$xOA-J
=945  \\$aEarth science systems and society
=979  \\$aBritish Library$bDSC$j3643.548500N
=985  \\$aISSN UK Centre note: ROAD OA
=CAT  \\$a10806$b40$c20200630$lBLL01$h1243
=CAT  \\$a10806$b40$c20220125$lBLL01$h1052
=CAT  \\$a10806$b40$c20220125$lBLL01$h1054
=CAT  \\$a10806$b40$c20220125$lBLL01$h1057
=CAT  \\$a8055$b40$c20220426$lBLL01$h1323
=CAT  \\$a8055$b40$c20220426$lBLL01$h1326
=CAT  \\$aBATCH-UNOA$c20220427$lBLL01$h0109
=CAT  \\$aBLDSS-3PM$b00$c20220504$lBLL01$h0938
=CAT  \\$aBATCH-UPD$b00$c20220504$lBLL01$h0938
=CFI  0\$aCurrent copyright fee: zero$c113\0$e26-apr-2022$fGBP0.00$g0$hP$5Uk
=FFP  \\$aY$bBLDSS-3PM
=FIN  \\$aY$d20220125
=UNO  \\$aY
=LAS  \\$aBATCH-UPD$b00$c20220504$lBLL01$h0938

