=LDR  01924cas a22005537i 4500
=001  019837295
=003  Uk
=005  20230817113734.0
=006  m\\\\\\\\d\|\\\\\\
=007  cr||||||||||||
=008  200709c20219999enk\x\p\o\\\\\0\\\a0eng\\
=FMT  \\$a  SE
=022  0\$a2730-6844$202
=040  \\$aUk$beng$cUk$erda
=042  \\$aissnuk
=082  04$a576.5$223
=210  0\$aBMC genom. data
=222  \0$aBMC genomic data
=245  00$aBMC genomic data.
=264  \1$a[London] :$bBMC, part of Springer Nature
=336  \\$atext$2rdacontent
=337  \\$acomputer$2rdamedia
=338  \\$aonline resource$2rdacarrier
=540  \\$aCurrent Copyright Fee: zero$c22\1$5Uk
=588  \\$aISSN description based on: 22:1 (2021) ; title from article pdf (Publisher's website, viewed March 16, 2021).
=780  00$tBMC genetics$x1471-2156
=856  \\$31850-9999$uhttp://link.springer.com/$xBLDSS
=856  40$uhttps://bmcgenomdata.biomedcentral.com/$xOA-J
=945  \\$aBMC genomic data
=979  \\$aBritish Library$bDSC$j2116.050912N
=985  \\$aISSN UK Centre note: ISSN assigned by IC (Springer Nature project).
=985  \\$aISSN UK Centre: ROAD-OA.
=CAT  \\$a10973$b40$c20200709$lBLL01$h1600
=CAT  \\$a10973$b40$c20200710$lBLL01$h0638
=CAT  \\$a10973$b40$c20210316$lBLL01$h1105
=CAT  \\$a10973$b40$c20210316$lBLL01$h1116
=CAT  \\$a10973$b40$c20210316$lBLL01$h1139
=CAT  \\$a5552$b40$c20210616$lBLL01$h0843
=CAT  \\$aBLDSS-3PM$b00$c20210623$lBLL01$h1119
=CAT  \\$aBATCH-UPD$b00$c20210623$lBLL01$h1120
=CAT  \\$a5410$b40$c20230730$lBLL01$h1628
=CAT  \\$a5410$b40$c20230817$lBLL01$h1137
=CAT  \\$a5410$b40$c20230817$lBLL01$h1137
=CFI  0\$aCurrent Copyright Fee: zero$c22\1$e06-dec-2018$fGBP0.00$g0$hP$5Uk
=FFP  \\$aY$bBLDSS-3PM
=FIN  \\$aY$d20210316
=TOC  \\$aETOC
=UNO  \\$aY
=LAS  \\$a5410$b40$c20230817$lBLL01$h1137

