=LDR  01642 as a22004697i 4500
=001  019862213
=003  Uk
=005  20210623111935.0
=006  m\\\\\\\\d\|\\\\\\
=007  cr||||||||||||
=008  200731c20219999enk\x\p\o\\\\\0\\\a0eng\\
=FMT  \\$a  SE
=022  0\$a2730-7182$202
=040  \\$aUk$beng$cUk$erda
=042  \\$aissnuk
=082  04$a577$223
=210  0\$aBMC ecol. evol.
=222  \0$aBMC ecology and evolution
=245  00$aBMC ecology and evolution.
=264  \1$a[London] :$bBMC, part of Springer Nature
=336  \\$atext$2rdacontent
=337  \\$acomputer$2rdamedia
=338  \\$aonline resource$2rdacarrier
=540  \\$aCurrent Copyright Fee: zero$c22\1$5Uk
=588  \\$aISSN description based on: 21:2 (2021) ; title from article pdf (Publisher's website, viewed March 16, 2021).
=780  00$tBMC evolutionary biology$x1471-2148
=856  \\$31850-9999$uhttp://link.springer.com/$xBLDSS
=856  40$uhttps://bmcecolevol.biomedcentral.com/$xOA-J
=945  \\$aBMC ecology and evolution.
=979  \\$aBritish Library$bDSC$j2116.050867N
=985  \\$aISSN UK Centre: ISSN assigned by IC (Springer project).
=985  \\$aISSN UK Centre: ROAD-OA.
=CAT  \\$a10973$b40$c20200731$lBLL01$h0647
=CAT  \\$a10973$b40$c20210316$lBLL01$h1144
=CAT  \\$a5552$b40$c20210616$lBLL01$h0806
=CAT  \\$aBLDSS-3PM$b00$c20210623$lBLL01$h1119
=CAT  \\$aBATCH-UPD$b00$c20210623$lBLL01$h1120
=CFI  0\$aCurrent Copyright Fee: zero$c22\1$e16-jun-2021$fGBP0.00$g0$hP$5Uk
=FFP  \\$aY$bBLDSS-3PM
=FIN  \\$aY$d20210316
=UNO  \\$aY
=LAS  \\$aBATCH-UPD$b00$c20210623$lBLL01$h1120

