=LDR  01718cas a22005297i 4500
=001  020270677
=003  Uk
=005  20230912155905.0
=006  m\\\\\\\\d\|\\\\\\
=007  cr||||||||||||
=008  210727c20229999enkar\j\o\\\\\0\\\a0eng\\
=FMT  \\$a  SE
=022  0\$a2752-7948$202
=040  \\$aUk$beng$cUk$erda
=042  \\$aissnuk
=082  04$a616.994005$223
=210  0\$aBMJ oncol.
=222  \0$aBMJ oncology
=245  00$aBMJ oncology.
=246  3\$aBritish Medical Journal oncology
=264  \1$a[London] :$bBMJ
=310  \\$aAnnual
=336  \\$atext$2rdacontent
=337  \\$acomputer$2rdamedia
=338  \\$aonline resource$2rdacarrier
=362  0\$aVolume 1/1 (2022)-
=500  \\$aTitle from journal homepage (viewed September 12, 2023).
=515  \\$aArticles added consecutively to current annual volume.
=540  \\$aCurrent copyright fee: zero$c118\0$5Uk
=856  4\$31850-9999$uhttp://www.bmj.com/archive$xBLDSS
=856  40$uhttps://bmjoncology.bmj.com/$xOA-J
=945  \\$aBMJ oncology
=979  \\$aBritish Library$bDSC$j2116.177509N
=985  \\$aISSN UK Centre note: ROAD OA
=CAT  \\$a10973$b40$c20210727$lBLL01$h0811
=CAT  \\$a8055$b40$c20221206$lBLL01$h1325
=CAT  \\$a8055$b40$c20221206$lBLL01$h1329
=CAT  \\$aIPL-CLA$c20221231$lBLL01$h2352
=CAT  \\$aBATCH-UNOA$c20230104$lBLL01$h0010
=CAT  \\$aBLDSS-3PM$b00$c20230109$lBLL01$h1406
=CAT  \\$aBATCH-UPD$b00$c20230109$lBLL01$h1406
=CAT  \\$a10806$b40$c20230912$lBLL01$h1559
=CFI  0\$aCurrent copyright fee: zero$c118\0$e01-jan-2023$fGBP0.00$g0$hP$5Uk
=FFP  \\$aY$bBLDSS-3PM
=FIN  \\$aY$d20230912
=UNO  \\$aY
=LAS  \\$a10806$b40$c20230912$lBLL01$h1559

