=LDR  02206cas a22005897i 4500
=001  018826669
=003  Uk
=005  20221209101122.0
=006  m\\\\\\\\d\|\\\\\\
=007  cr||||||||||||
=008  180409c20199999enkar\p\o\\\\\0\\\a0eng\\
=FMT  \\$a  SE
=022  0\$a2522-5782$202
=040  \\$aUk$beng$cUk$erda
=042  \\$aissnuk
=082  04$a615.323648$223
=210  0\$aJ. cannabis res.
=222  \0$aJournal of cannabis research
=245  00$aJournal of cannabis research.
=264  \1$aLondon :$bBMC, part of Springer Nature$c2019
=310  \\$aAnnual
=336  \\$atext$2rdacontent
=337  \\$acomputer$2rdamedia
=338  \\$aonline resource$2rdacarrier
=540  \\$aCurrent copyright fee: zero$c22\1$5Uk
=588  \\$aDescription based on: 1 (article number 2), published June 7, 2019; title from PDF, viewed February 13, 2020.
=710  2\$aColorado State University-Pueblo.$bInstitute of Cannabis Research.
=856  4\$31850-9999$uhttp://link.springer.com/$xBLDSS
=856  40$uhttps://jcannabisresearch.biomedcentral.com/$xOA-J
=945  \\$aJournal of cannabis research.
=979  \\$aBritish Library$bDSC$j4954.851470N
=985  \\$aISSN UK Centre note: ISSN UK Centre note: responsibility transferred to ISSN UK Centre (IC Springer Nature project) 9.4.18.
=985  \\$aISSN UK Centre note: ROAD OA
=CAT  \\$a10973$b40$c20180409$lBLL01$h1038
=CAT  \\$a5552$b40$c20180809$lBLL01$h1441
=CAT  \\$aBLDSS-3PM$b00$c20180817$lBLL01$h0842
=CAT  \\$aBATCH-UPD$b00$c20180817$lBLL01$h0843
=CAT  \\$a11205$b40$c20200213$lBLL01$h1546
=CAT  \\$a11205$b40$c20200213$lBLL01$h1550
=CAT  \\$a8871$b40$c20200213$lBLL01$h1717
=CAT  \\$a8055$b40$c20221125$lBLL01$h1026
=CAT  \\$a8055$b40$c20221125$lBLL01$h1203
=CAT  \\$a8055$b40$c20221125$lBLL01$h1206
=CAT  \\$a5410$b40$c20221209$lBLL01$h1011
=CAT  \\$a5410$b40$c20221209$lBLL01$h1011
=CFI  0\$aCurrent copyright fee: zero$c22\1$e09-aug-2018$fGBP0.00$g0$hP$5Uk
=FFP  \\$aY$bBLDSS-3PM
=FIN  \\$aY$d20200213
=LET  \0$aJournal of cannabis research (Electronic)
=TOC  \\$aETOC
=UNO  \\$aY
=LAS  \\$a5410$b40$c20221209$lBLL01$h1011

