=LDR  02129cas a22005777i 4500
=001  019377162
=003  Uk
=005  20220907122044.0
=006  m\\\\\\\\d\|||||||
=007  cr\|||||||||||
=008  170803c20199999enkuu\p\\\\\\\0\\\a0eng\\
=FMT  \\$a  SE
=022  \\$a2524-8502
=040  \\$aUk$beng$cUk$erda
=082  04$a370$223
=210  0\$aInnov. educ.
=222  \0$aInnovation and education
=245  00$aInnovation and education.
=264  \1$aLondon :$bBMC,$c2019-
=336  \\$atext$2rdacontent
=337  \\$acomputer$2rdamedia
=338  \\$aonline resource$2rdacarrier
=362  0\$a1:1 (2019)-
=500  \\$aTitle from journal homepage (viewed February 27, 2020).
=540  \\$aCurrent copyright fee: zero$c74\0$5Uk
=550  \\$aSponsored by Korea National University of Education.
=710  2\$aHan'guk Kyowŏn Taehakkyo.
=856  40$uhttps://innovationeducation.biomedcentral.com/$xOA-J
=856  4\$31850-9999$uhttp://link.springer.com/$xBLDSS
=945  \\$aInnovation and education.
=979  \\$aBritish Library$bDSC$j4515.480287N
=985  \\$aUpgraded by BSS-generated file for WR1910-0531
=985  \\$aISSN UK Centre note: ROAD OA
=985  \\$aISSN 2524-8502 originally assigned by IC as part of their project with Springer.
=985  \\$aISSN responsibility passed to ISSN Netherlands - now published by Brill (07/09/22)
=CAT  \\$a5552$b40$c20190425$lBLL01$h0851
=CAT  \\$aBATCH-UPD$b40$c20190430$lBLL01$h2334
=CAT  \\$aBLDSS-3PM$b00$c20190501$lBLL01$h1026
=CAT  \\$aBATCH-UPD$b00$c20190501$lBLL01$h1026
=CAT  \\$aW1910-0531$b00$c20191108$lBLL01$h1837
=CAT  \\$a10806$b40$c20200227$lBLL01$h1122
=CAT  \\$a10806$b40$c20200227$lBLL01$h1125
=CAT  \\$a12654$b40$c20220824$lBLL01$h0817
=CAT  \\$a10806$b40$c20220907$lBLL01$h1220
=CFI  0\$aCurrent copyright fee: zero$c74\0$e24-aug-2022$fGBP0.00$g0$hP$5Uk
=CFI  2\$aPrevious copyright fee: zero$c22\1$e25-apr-2019$fGBP0.00$g0$hP$5Uk
=FFP  \\$aY$bBLDSS-3PM
=FIN  \\$aY$d20200227
=TOC  \\$aETOC
=UNO  \\$aY
=LAS  \\$a10806$b40$c20220907$lBLL01$h1220

