=LDR  02686 as a22005537i 4500
=001  019377170
=003  Uk
=005  20211104091138.0
=006  m\\\\\\\\d\|||||||
=007  cr||||||||||||
=008  170803c20219999enk\x\p\\\\\\\0\\\a0eng\\
=FMT  \\$a  SE
=022  0\$a2661-8001$202
=040  \\$aUk$beng$cUk$erda
=042  \\$aissnuk
=082  04$a307.76$223
=210  0\$anpj urban sustain.
=222  \0$anpj urban sustainability
=245  00$anpj urban sustainability.
=246  3\$aNature partner journals urban sustainability
=246  30$aUrban sustainability
=264  \1$a[London] :$bSpringer Nature in partnership with the Royal Melbourne Institute of Technology (RMIT)
=336  \\$atext$2rdacontent
=337  \\$acomputer$2rdamedia
=338  \\$aonline resource$2rdacarrier
=540  \\$aCurrent copyright fee: zero$c16\0$5Uk
=710  2\$aRoyal Melbourne Institute of Technology (Australia)
=856  4\$31850-9999$uhttp://www.nature.com/$xBLDSS
=856  40$uhttps://www.nature.com/npjurbansustain/$xOA-J
=945  \\$anpj urban sustainability.
=979  \\$aBritish Library$bDSC$j6180.502470N
=985  \\$aISSN UK Centre: ISSN assigned and completed by IC (Springer project). ISSN UK record based on Portal record and was identified as for the UK Centre on spreadsheets sent by IC. ISSN responsibility transferred from ISSN Germany to UK Centre 4/11/21. See below 985 for further info. DLW.
=985  \\$aISSN UK Centre: from about information page 3/11/21: 'npj Urban Sustainability is a high-quality Nature Portfolio journal published by Springer Nature in partnership with the Royal Melbourne Institute of Technology (RMIT)' ; 'Nature Partner Journals is a series of online-only, open access journals published in collaboration with internationally renowned partners, driving high impact open science'. Both Nature Portfolio and Nature Partner Journals are UK responsibility on the IC's multinational xWiki list. DLW.
=985  \\$aUpgraded by BSS-generated file for WR1910-0531
=985  \\$aISSN UK Centre: ROAD-OA.
=CAT  \\$a5552$b40$c20190425$lBLL01$h0912
=CAT  \\$aBATCH-UPD$b40$c20190430$lBLL01$h2333
=CAT  \\$aBLDSS-3PM$b00$c20190501$lBLL01$h1026
=CAT  \\$aBATCH-UPD$b00$c20190501$lBLL01$h1027
=CAT  \\$aW1910-0531$b00$c20191108$lBLL01$h1837
=CAT  \\$a10973$b40$c20211103$lBLL01$h1605
=CAT  \\$a10973$b40$c20211103$lBLL01$h1622
=CAT  \\$a10973$b40$c20211104$lBLL01$h0911
=CFI  0\$aCurrent copyright fee: zero$c16\0$e25-apr-2019$fGBP0.00$g0$hP$5Uk
=FFP  \\$aY$bBLDSS-3PM
=FIN  \\$aY$d20211103
=TOC  \\$aETOC
=UNO  \\$aY
=LAS  \\$a10973$b40$c20211104$lBLL01$h0911

