=LDR  01864 as a22004937i 4500
=001  019482859
=003  Uk
=005  20210616105251.0
=006  m\\\\\\\\d\|\\\\\\
=007  cr||||||||||||
=008  190730c20199999enkuu\p\o\\\\\0\\\a0eng\\
=FMT  \\$a  SE
=022  0\$a2662-2203$202
=040  \\$aUk$beng$cUk$erda
=042  \\$aissnuk
=082  04$a617.41$223
=210  0\$aCardiothorac. surg.
=222  \4$aThe cardiothoracic surgeon
=245  04$aThe cardiothoracic surgeon.
=264  \1$a[London] :$bSpringer Nature,$c2019-
=336  \\$atext$2rdacontent
=337  \\$acomputer$2rdamedia
=338  \\$aonline resource$2rdacarrier
=540  \\$aCurrent copyright fee: zero$c22\1$5Uk
=588  \\$aDescription based on: 27:1 (2019), title from PDF header (Springer Open, viewed July 30, 2019).
=710  2\$aEgyptian Society of Cardiothoracic Surgery,$eissuing body.
=780  00$tJournal of the Egyptian Society of Cardio-Thoracic Surgery$x2524-1745
=856  \\$31850-9999$uhttp://link.springer.com/$xBLDSS
=856  40$uhttps://cts.springeropen.com/$xOA-J
=945  \\$aCardiothoracic surgeon
=979  \\$aBritish Library$bDSC$j3051.437270N
=985  \\$aISSN UK Centre note: ROAD OA
=985  \\$aISSN originally assigned by IC, then passed to ISSN Germany, finally passed to UK Centre to complete (Springer Project) (Richard, 30/07/19)
=CAT  \\$a10806$b40$c20190730$lBLL01$h1319
=CAT  \\$a12654$b40$c20190812$lBLL01$h0928
=CAT  \\$aBATCH-UPD$b40$c20190814$lBLL01$h0004
=CAT  \\$aBLDSS-3PM$b00$c20190823$lBLL01$h0916
=CAT  \\$aBATCH-UPD$b00$c20190823$lBLL01$h0920
=CAT  \\$a5552$b40$c20210616$lBLL01$h1052
=CFI  0\$aCurrent copyright fee: zero$c22\1$e12-aug-2019$fGBP0.00$g0$hP$5Uk
=FFP  \\$aY$bBLDSS-3PM
=FIN  \\$aY$d20190730
=UNO  \\$aY
=LAS  \\$a5552$b40$c20210616$lBLL01$h1052

