=LDR  01661 as a22004697i 4500
=001  019672630
=003  Uk
=005  20210623111935.0
=006  m\\\\\\\\d\|\\\\\\
=007  cr||||||||||||
=008  200113c20209999enk\x\p\o\\\\\0\\\a0eng\\
=FMT  \\$a  SE
=022  0\$a2662-9380$202
=040  \\$aUk$beng$cUk$erda
=042  \\$aissnuk
=082  04$a636.7089$223
=222  \0$aCanine medicine and genetics
=245  00$aCanine medicine and genetics.
=264  \1$a[London] :$bBMC, part of Springer Nature
=336  \\$atext$2rdacontent
=337  \\$acomputer$2rdamedia
=338  \\$aonline resource$2rdacarrier
=540  \\$aCurrent Copyright Fee: zero$c22\1$5Uk
=588  \\$aDescription based on: 7:1 (2020) ; title from article pdf (Publisher's Website, viewed August 18, 2020).
=710  2\$aBioMed Central Ltd.
=780  00$tCanine genetics and epidemiology$x2052-6687
=856  \\$31850-9999$uhttp://link.springer.com/$xBLDSS
=856  40$uhttps://cgejournal.biomedcentral.com/$xOA-J
=945  \\$aCanine medicine and genetics
=979  \\$aBritish Library$bDSC$j3047.080000N
=985  \\$aISSN UK Centre: ROAD-OA.
=985  \\$aISSN UK Centre: ISSN assigned by IC (Springer project).
=CAT  \\$a10806$b40$c20200113$lBLL01$h1344
=CAT  \\$a10973$b40$c20200818$lBLL01$h1405
=CAT  \\$a5552$b40$c20210616$lBLL01$h1037
=CAT  \\$aBLDSS-3PM$b00$c20210623$lBLL01$h1119
=CAT  \\$aBATCH-UPD$b00$c20210623$lBLL01$h1120
=CFI  0\$aCurrent Copyright Fee: zero$c22\1$e16-jun-2021$fGBP0.00$g0$hP$5Uk
=FFP  \\$aY$bBLDSS-3PM
=FIN  \\$aY$d20200818
=UNO  \\$aY
=LAS  \\$aBATCH-UPD$b00$c20210623$lBLL01$h1120

