=LDR  02319 as a22005777i 4500
=001  018352353
=003  Uk
=005  20210129153022.0
=006  m\\\\\\\\d\|\\\\\\
=007  cr||||||||||||
=008  170524c20179999enkar\p\o\\\\\0\\\a0eng\\
=FMT  \\$a  SE
=022  0\$a2515-0855$202
=040  \\$aUk$beng$cUk$erda
=042  \\$aissnuk
=082  04$a621.319$223
=222  \0$aCIRED - open access proceedings journal
=245  00$aCIRED - open access proceedings journal.
=264  \1$a[Stevenage] :$bJointly published by the Institution of Engineering and Technology and Association des Ingénieurs de Montefiore (AIM)
=310  \\$aAnnual
=336  \\$atext$2rdacontent
=337  \\$acomputer$2rdamedia
=338  \\$aonline resource$2rdacarrier
=540  \\$aCurrent copyright fee: zero$c35\0$5Uk
=588  \\$aDescription based on: volume 2017, issue 1 (October 2017); title from table of contents page, viewed February 28, 2018.
=710  2\$aInstitution of Engineering and Technology.
=710  2\$aAssociation des Ingénieurs de Montefiore.
=856  \\$31850-9999$uhttp://ieeexplore.ieee.org/Xplore/home.jsp$xBLDSS
=856  4\$uhttp://digital-library.theiet.org/content/journals/oap-cired$xOA-J
=945  \\$aCIRED open access proceedings journal.
=979  \\$aBritish Library$bDSC$j3265.335500N
=985  \\$aISSN RDA COMPLETION - TO BE CATALOGUED BY RDA TRAINED CATALOGUERS.
=985  \\$aISSN UK Centre note: ROAD OA
=CAT  \\$a11205$b40$c20170524$lBLL01$h1106
=CAT  \\$a11205$b40$c20180228$lBLL01$h1444
=CAT  \\$a11205$b40$c20180228$lBLL01$h1446
=CAT  \\$a8871$b40$c20181218$lBLL01$h1618
=CAT  \\$aBATCH-UPD$b40$c20181221$lBLL01$h2037
=CAT  \\$a5552$b40$c20190228$lBLL01$h1127
=CAT  \\$aBLDSS-3PM$b00$c20190305$lBLL01$h1644
=CAT  \\$aBATCH-UPD$b00$c20190305$lBLL01$h1645
=CAT  \\$aBATCH-UPD$b00$c20190306$lBLL01$h0037
=CAT  \\$a5552$b40$c20210129$lBLL01$h1530
=CFI  0\$aCurrent copyright fee: zero$c35\0$e29-jan-2021$fGBP0.00$g0$hP$5Uk
=CFI  2\$aPrevious copyright fee: zero$c32\0$e28-feb-2019$fGBP0.00$g0$hP$5Uk
=FFP  \\$aY$bBLDSS-3PM
=FIN  \\$aY$d20180228
=LET  \0$aCIRED open access proceedings journal (Electronic)
=TOC  \\$aETOC
=UNO  \\$aY
=LAS  \\$a5552$b40$c20210129$lBLL01$h1530

