=LDR  01739 as a22004937i 4500
=001  015482849
=003  Uk
=005  20210715095005.0
=006  m\\\\\\\\d\|\\\\\\
=007  cr||||||||||||
=008  100209c20139999enk\x\p\s\\\\\0\\\a0eng\\
=022  0\$a2043-7129$202
=040  \\$aUk$beng$cUk$dUk$erda
=042  \\$aissnuk
=210  0\$aSustain. chem. process.
=222  \0$aSustainable chemical processes
=245  00$aSustainable chemical processes.
=260  \\$aLondon :$bChemistry Central
=264  \1$aLondon :$bChemistry Central
=336  \\$atext$2rdacontent
=337  \\$acomputer$2rdamedia
=338  \\$aonline resource$2rdacarrier
=540  \\$aCurrent copyright fee: zero$c22\1$5Uk
=856  \\$31850-9999$uhttp://link.springer.com/$xBLDSS
=856  4\$uhttp://www.sustainablechemicalprocesses.com/content$xOA-J
=945  \\$aSustainable chemical processes
=979  \\$aBritish Library$bDSC$j8553.354800N
=985  \\$aISSN description based on: Sustainable Chemical Processes 2013, 1:1 (22 May 2013), viewed 02.08.13.
=985  \\$aISSN UK Centre note: ROAD OA
=CAT  \\$a10806$b40$c20100209$lBLL01$h1347
=CAT  \\$a11313$b40$c20120917$lBLL01$h1459
=CAT  \\$a11315$b40$c20130802$lBLL01$h1116
=CAT  \\$a11316$b40$c20140415$lBLL01$h0857
=CAT  \\$aBATCH-UPD$b40$c20151202$lBLL01$h0430
=CAT  \\$a5552$b40$c20210705$lBLL01$h0802
=CAT  \\$aBLDSS-3PM$b00$c20210715$lBLL01$h0950
=CAT  \\$aBATCH-UPD$b00$c20210715$lBLL01$h0950
=CFI  0\$aCurrent copyright fee: zero$c22\1$e05-jul-2021$fGBP0.00$g0$hP$5Uk
=FFP  \\$aY$bBLDSS-3PM
=FIN  \\$aY$d20130802
=FMT  \\$a  SE
=LAS  \\$aBATCH-UPD$b00$c20210715$lBLL01$h0950
=TCO  \\$aCLA$bCLA$c008
=UNO  \\$aY

