=LDR  01959cas a22005537i 4500
=001  020970833
=003  Uk
=005  20231003143238.0
=006  m\\\\\\\\d\|\\\\\\
=007  cr||||||||||||
=008  230227c20239999enkbr\j\o\\\\\0\\\a0eng\\
=FMT  \\$a  SE
=022  0\$a2755-371X$202
=040  \\$aUk$beng$cUk$erda
=042  \\$aissnuk
=082  04$a620.19205$223
=210  0\$aRSC appl. polym.
=222  \0$aRSC applied polymers
=245  00$aRSC applied polymers.
=246  3\$aRoyal Society of Chemistry applied polymers
=264  \1$a[London] :$bRoyal Society of Chemistry,$c2023-
=310  \\$aBimonthly
=336  \\$atext$2rdacontent
=337  \\$acomputer$2rdamedia
=338  \\$aonline resource$2rdacarrier
=540  \\$aCurrent copyright fee: zero$c6\1$5Uk
=588  \\$aDescription based on: volume 1, number 1 (September 2023); title from cover (PDF) (RSC website, viewed October 3, 2023).
=856  4\$31850-9999$uhttp://www.rsc.org/$xBLDSS
=856  40$uhttps://www.rsc.org/journals-books-databases/about-journals/rsc-applied-polymers$xOA-J
=945  \\$aRSC applied polymers.
=979  \\$aBritish Library$bDSC$j8036.750650N
=985  \\$aISSN UK Centre note: ROAD OA
=CAT  \\$a11313$b40$c20230227$lBLL01$h0830
=CAT  \\$a8055$b40$c20230616$lBLL01$h1219
=CAT  \\$a8055$b40$c20230616$lBLL01$h1224
=CAT  \\$a8055$b40$c20230616$lBLL01$h1228
=CAT  \\$aBLDSS-3PM$b00$c20230619$lBLL01$h1044
=CAT  \\$aBATCH-UPD$b00$c20230619$lBLL01$h1045
=CAT  \\$a5410$b40$c20230628$lBLL01$h0901
=CAT  \\$a8055$b40$c20230815$lBLL01$h1519
=CAT  \\$a10806$b40$c20231003$lBLL01$h1428
=CAT  \\$a10806$b40$c20231003$lBLL01$h1432
=CFI  0\$aCurrent copyright fee: zero$c6\1$e16-jun-2023$fGBP0.00$g0$hP$5Uk
=FFP  \\$aY$bBLDSS-3PM
=FIN  \\$aY$d20231003
=LET  \0$aRSC applied polymers (Electronic)
=TOC  \\$aETOC
=UNO  \\$aY
=LAS  \\$a10806$b40$c20231003$lBLL01$h1432

