=LDR  05837cas a2201189 a 4500
=001  015368540
=003  Uk
=005  20230930080942.0
=006  m\\\\\\\\d\|\\\\\\
=007  cr||||||||||||
=008  090911c19989999cc\mr\p\\\\\\\0\\\e0mul\\
=FMT  \\$a  SE
=022  \\$y1008-1062
=040  \\$aUk$beng$cUk$dUk
=042  \\$aukblsr
=082  04$a616.0754$223
=130  0\$6880-01$aZhongguo lin chuang yi xue ying xiang za zhi (Online)
=245  10$6880-02$aZhongguo lin chuang yi xue ying xiang za zhi$h[electronic resource].
=246  1\$iEnglish title:$aJournal of China Medical Imaging
=246  3\$aZhongguo linchuang yixue yingxiang zazhi
=260  \\$6880-03$aShenyang :$bZhongguo lin chuang yi xue ying xiang za zhi bian ji bu,$c1998-
=310  \\$aMonthly
=336  \\$atext$2rdacontent
=337  \\$acomputer$2rdamedia
=338  \\$aonline resource$2rdacarrier
=362  0\$aVol. 9, no. 3 (1998)-
=516  \\$aIn HTML and PDF format.
=538  \\$aMode of access: World Wide Web.
=550  \\$6880-04$aIssued by: Wei sheng bu ke ji si, Zhongguo yi ke da xue di er lin chuang yi yuan.
=530  \\$aAlso issued in print.
=540  \\$aCurrent copyright fee: GBP24.17$c44\0$5Uk
=650  \0$aDiagnostic imaging$vPeriodicals.
=710  1\$6880-05$aChina.$bWei sheng bu.$bKe ji si.
=710  2\$6880-06$aZhongguo yi ke da xue.$bDi 2 lin chuang yi yuan.
=776  1\$6880-07$tZhongguo lin chuang yi xue ying xiang za zhi$x1008-1062
=780  00$6880-08$tLin chuang yi xue ying xiang za zhi (Online)
=880  0\$6130-01$a中國臨床醫學影像雜誌 (Online)
=880  10$6245-02$a中國臨床醫學影像雜誌$h[electronic resource].
=880  \\$6260-03$a瀋陽 :$b中國臨床醫學影像雜誌編輯部,$c1998-
=880  \\$6550-04$aIssued by: 衛生部科技司, 中國醫科大學第二臨床醫院.
=880  1\$6710-05$a中國.$b衛生部.$b科技司.
=880  2\$6710-06$a中國醫科大學.$b第2臨床醫院.
=880  1\$6776-07$t中國臨床醫學影像雜誌$x1008-1062
=880  00$6780-08$t臨床醫學影像雜誌 (Online)
=856  \\$31850-9999$uhttp://www.oriprobe.com/$xBLDSS
=856  40$uhttp://eproxy.lib.hku.hk/login?url=http://cjn.lib.hku.hk$x70$zClick to start searching via China Journal Net
=945  \\$aZhongguo linchuang yixue yingxiang zazhi
=979  \\$aBritish Library$bDSC$j9512.778000N
=CAT  \\$a11433$b40$c20090911$lBLL01$h0947
=CAT  \\$aIPL-CLA$c20160930$lBLL01$h1626
=CAT  \\$aBATCH-UPD$b00$c20170216$lBLL01$h2003
=CAT  \\$aIPL-CLA$c20170331$lBLL01$h1904
=CAT  \\$aBATCH-UPD$b00$c20170904$lBLL01$h2034
=CAT  \\$aIPL-CLA$c20170929$lBLL01$h1750
=CAT  \\$aBATCH-UPD$b00$c20180223$lBLL01$h1933
=CAT  \\$aIPL-CLA$c20180331$lBLL01$h1645
=CAT  \\$aBATCH-UPD$b00$c20180823$lBLL01$h1958
=CAT  \\$aIPL-CLA$c20180930$lBLL01$h1511
=CAT  \\$aBATCH-UPD$b00$c20190829$lBLL01$h1559
=CAT  \\$aIPL-CLA$c20190930$lBLL01$h1647
=CAT  \\$aBATCH-UPD$b00$c20200219$lBLL01$h1547
=CAT  \\$aIPL-CLA$c20200331$lBLL01$h1624
=CAT  \\$aBATCH-UPD$b00$c20200522$lBLL01$h1523
=CAT  \\$aIPL-CLA$c20200701$lBLL01$h0107
=CAT  \\$aBATCH-UPD$b00$c20210226$lBLL01$h1106
=CAT  \\$aIPL-CLA$c20210331$lBLL01$h1701
=CAT  \\$aBATCH-UPD$b00$c20210707$lBLL01$h1629
=CAT  \\$aIPL-CLA$c20210707$lBLL01$h1844
=CAT  \\$aBATCH-UPD$b00$c20220520$lBLL01$h1710
=CAT  \\$aIPL-CLA$c20220630$lBLL01$h1538
=CAT  \\$aBATCH-UPD$b00$c20220824$lBLL01$h0932
=CAT  \\$aIPL-CLA$c20220930$lBLL01$h1428
=CAT  \\$aBATCH-UPD$b00$c20230824$lBLL01$h1116
=CAT  \\$aIPL-CLA$c20230930$lBLL01$h0809
=CFI  0\$aCurrent copyright fee: GBP24.17$c44\0$e01-oct-2023$fGBP24.17$g0$hP$5Uk
=CFI  2\$aPrevious copyright fee: GBP20.83$c44\0$e01-oct-2022$fGBP20.83$g0$hP$5Uk
=FFP  \\$aY$bBLDSS-3PM
=SID  \\$aZ39$bOCLC
=TCO  \\$aZZZ$c008
=TOC  \\$aETOC
=ACF  \\$aPrevious copyright fee: GBP6.00$c44\0$e20-may-2009$fGBP6.00$g0$hP$5Uk
=ACF  \\$aPrevious copyright fee: GBP9.00$c44\0$e01-apr-2010$fGBP9.00$g0$hP$5Uk
=ACF  \\$aPrevious copyright fee: GBP9.70$c44\0$e01-jul-2012$fGBP9.70$g0$hP$5Uk
=ACF  \\$aPrevious copyright fee: GBP10.32$c44\0$e01-jul-2013$fGBP10.32$g0$hP$5Uk
=ACF  \\$aPrevious copyright fee: GBP10.00$c44\0$e01-jan-2013$fGBP10.00$g0$hP$5Uk
=ACF  \\$aPrevious copyright fee: GBP14.55$c44\0$e14-nov-2014$fGBP14.55$g0$hP$5Uk
=ACF  \\$aPrevious copyright fee: GBP15.48$c44\0$e01-apr-2015$fGBP15.48$g0$hP$5Uk
=ACF  \\$aPrevious copyright fee: GBP16.00$c44\0$e01-jul-2015$fGBP16.00$g0$hP$5Uk
=ACF  \\$aPrevious copyright fee: GBP16.13$c44\0$e01-oct-2015$fGBP16.13$g0$hP$5Uk
=ACF  \\$aPrevious copyright fee: GBP17.24$c44\0$e01-apr-2016$fGBP17.24$g0$hP$5Uk
=ACF  \\$aPrevious copyright fee: GBP18.52$c44\0$e01-oct-2016$fGBP18.52$g0$hP$5Uk
=ACF  \\$aPrevious copyright fee: GBP20.00$c44\0$e01-apr-2017$fGBP20.00$g0$hP$5Uk
=ACF  \\$aPrevious copyright fee: GBP19.23$c44\0$e01-oct-2017$fGBP19.23$g0$hP$5Uk
=ACF  \\$aPrevious copyright fee: GBP17.86$c44\0$e01-apr-2018$fGBP17.86$g0$hP$5Uk
=ACF  \\$aPrevious copyright fee: GBP19.23$c44\0$e01-oct-2018$fGBP19.23$g0$hP$5Uk
=ACF  \\$aPrevious copyright fee: GBP20.00$c44\0$e01-oct-2019$fGBP20.00$g0$hP$5Uk
=ACF  \\$aPrevious copyright fee: GBP19.23$c44\0$e01-apr-2020$fGBP19.23$g0$hP$5Uk
=ACF  \\$aPrevious copyright fee: GBP20.00$c44\0$e01-jul-2020$fGBP20.00$g0$hP$5Uk
=ACF  \\$aPrevious copyright fee: GBP18.52$c44\0$e01-apr-2021$fGBP18.52$g0$hP$5Uk
=ACF  \\$aPrevious copyright fee: GBP17.86$c44\0$e07-jul-2021$fGBP17.86$g0$hP$5Uk
=ACF  \\$aPrevious copyright fee: GBP20.00$c44\0$e01-jul-2022$fGBP20.00$g0$hP$5Uk
=LAS  \\$aIPL-CLA$b00$c20230930$lBLL01$h0809

