=LDR  01420 as a22004577i 4500
=001  019740175
=003  Uk
=005  20200624082806.0
=006  m\\\\\\\\d\|\\\\\\
=007  cr\|||||||||||
=008  191112c20209999enk\x\p\o\\\\\0\\\a0eng\\
=FMT  \\$a  SE
=022  0\$a2662-4443$202
=040  \\$aUk$beng$cUk$erda
=042  \\$aissnuk
=082  04$a621.382$223
=210  0\$aCommun. mater.
=222  \0$aCommunications materials
=245  00$aCommunications materials.
=264  \1$aLondon :$bNature Research,$c2020-
=336  \\$atext$2rdacontent
=337  \\$acomputer$2rdamedia
=338  \\$aonline resource$2rdacarrier
=362  0\$a1 (2020)-
=540  \\$aCurrent copyright fee: zero$c16\0$5Uk
=856  4\$31850-9999$uhttp://www.nature.com/$xBLDSS
=856  40$uhttps://www.nature.com/commsmat/$xOA
=945  \\$aCommunications Materials
=979  \\$aBritish Library$bDSC$j3361.083500N
=985  \\$aISSN UK Centre note: ROAD OA
=CAT  \\$a5552$b40$c20200305$lBLL01$h1430
=CAT  \\$aBLDSS-3PM$b00$c20200327$lBLL01$h1323
=CAT  \\$aBATCH-UPD$b00$c20200327$lBLL01$h1326
=CAT  \\$a10806$b40$c20200624$lBLL01$h0821
=CAT  \\$a10806$b40$c20200624$lBLL01$h0828
=CFI  0\$aCurrent copyright fee: zero$c16\0$e05-mar-2020$fGBP0.00$g0$hP$5Uk
=FFP  \\$aY$bBLDSS-3PM
=FIN  \\$aY$d20200624
=TOC  \\$aETOC
=UNO  \\$aY
=LAS  \\$a10806$b40$c20200624$lBLL01$h0828

