=LDR  01657 as a22004697i 4500
=001  019881466
=003  Uk
=005  20210708085738.0
=006  m\\\\\\\\d\|\\\\\\
=007  cr||||||||||||
=008  200814c20209999enk\x\p\o\\\\\0\\\a0eng\\
=FMT  \\$a  SE
=022  0\$a2662-9992$202
=040  \\$aUk$beng$cUk$erda
=042  \\$aissnuk
=082  04$a300.5$223
=210  0\$aHumanit. soc. sci. commun.
=222  \0$aHumanities & social sciences communications
=245  00$aHumanities & social sciences communications.
=264  \1$aLondon :$bSpringer Nature
=336  \\$atext$2rdacontent
=337  \\$acomputer$2rdamedia
=338  \\$aonline resource$2rdacarrier
=540  \\$aCurrent Copyright Fee: zero$c22\1$5Uk
=588  \\$aDescription based on: volume 7, article number 12 (2020) (viewed August 14, 2020).
=780  00$tPalgrave communications$x2055-1045
=856  \\$31850-9999$uhttp://link.springer.com/$xBLDSS
=856  40$uhttps://www.nature.com/palcomms/$xOA-JHumanities & social sciences communications
=945  \\$aHumanities and social sciences communications
=979  \\$aBritish Library$bDSC$j4336.572000N
=985  \\$aISSN UK Centre note: ROAD OA
=CAT  \\$a10806$b40$c20200814$lBLL01$h0756
=CAT  \\$a10806$b40$c20200814$lBLL01$h0801
=CAT  \\$a5552$b40$c20210621$lBLL01$h1249
=CAT  \\$aBLDSS-3PM$b00$c20210708$lBLL01$h0857
=CAT  \\$aBATCH-UPD$b00$c20210708$lBLL01$h0902
=CFI  0\$aCurrent copyright fee: zero$c22\1$e21-jun-2021$fGBP0.00$g0$hP$5Uk
=FFP  \\$aY$bBLDSS-3PM
=FIN  \\$aY$d20200814
=TOC  \\$aETOC
=UNO  \\$aY
=LAS  \\$aBATCH-UPD$b00$c20210708$lBLL01$h0902

