=LDR  01858 as a22004817i 4500
=001  017586948
=003  Uk
=005  20170220084846.0
=006  m\\\\\\\\d\|\\\\\\
=007  cr||||||||||||
=008  151020d20052006enkqr\p\o\\\\\0\\\a0eng\\
=FMT  \\$a  SE
=022  0\$a2396-9164$202
=040  \\$aUk$beng$cUk$erda
=042  \\$aissnuk
=082  04$a351.4105$223
=222  \4$aThe British journal of leadership in public services$b(Online)
=245  04$aThe British journal of leadership in public services.
=246  13$aBJLPS
=260  \\$aBrighton :$bPavilion Pub.,$c2005-2006.
=310  \\$aQuarterly
=336  \\$atext$2rdacontent
=337  \\$acomputer$2rdamedia
=338  \\$aonline resource$2rdacarrier
=540  \\$aCurrent copyright fee: GBP30.00$c25\0$5Uk
=588  \\$aDescription based on print version record.
=588  \\$aLatest issue consulted: volume 2, issue 4 (2006) (Emerald Insight, viewed October 20, 2015).
=776  08$iAlso issued in print as:$tBritish journal of leadership in public services$x1747-9886
=785  00$tInternational journal of leadership in public services$x2042-8642
=856  \\$31850-9999$uhttp://www.emeraldinsight.com/$xBLDSS
=856  4\$uhttp://www.emeraldinsight.com/journal/ijlps$xFollow links to resource
=945  \\$aInternational journal of leadership in public services.
=979  \\$aBritish Library$bDSC$j4542.314525
=985  \\$aISSN RECORD FOR DIGITAL REPRODUCTION.
=CAT  \\$a11316$b40$c20151020$lBLL01$h1433
=CAT  \\$a5552$b40$c20170220$lBLL01$h0848
=CAT  \\$aBLDSS-3PM$b00$c20170227$lBLL01$h1453
=CAT  \\$aBATCH-UPD$b00$c20170227$lBLL01$h1454
=CFI  0\$aCurrent copyright fee: GBP30.00$c25\0$e20-feb-2017$fGBP30.00$g0$hP$5Uk
=FFP  \\$aY$bBLDSS-3PM
=FIN  \\$aY$d20151020
=UNO  \\$aY
=LAS  \\$aBATCH-UPD$b00$c20170227$lBLL01$h1454

