=LDR  04235cas a2200949 i 4500
=001  018091481
=003  Uk
=005  20211231173610.0
=006  m\\\\\o\\d\\\\\\\\
=007  cr\|||||||||||
=008  140505c20149999nyu\x\p\o\\\\\0\\\a0eng\\
=FMT  \\$a  SE
=010  \\$a  2014201829
=016  7\$a101666776$2DNLM
=022  \\$a2372-7705
=035  \\$a(OCoLC)879171460
=040  \\$aDLC$beng$cDLC$dNLM$dDLC$dOCLCF$dDLC$dOCLCQ$dCUS$dCASUM$dOCLCO$dOCLCA$dUk$erda$epn
=042  \\$aukblsr
=050  00$aRC271.C44
=060  00$aW1
=082  00$a616.99406$223
=210  0\$aMol. ther. oncolytics
=222  \0$aMolecular therapy oncolytics
=245  00$aMolecular therapy oncolytics.
=246  1\$aMTO
=264  \1$aNew York, NY :$bNature Publishing Group,$c[2014]-
=264  31$aCambridge, MA :$bCell Press
=336  \\$atext$2rdacontent
=337  \\$acomputer$2rdamedia
=338  \\$aonline resource$2rdacarrier
=362  1\$aBegan with: 1 article number 14004 (2014).
=515  \\$aArticles added as received to annual volume in progress.
=520  \\$a" ... fields of oncolytic virotherapy and T cell-based therapies, Molecular Therapy-- Oncolytics considers top-quality, cutting-edge research that employs innovative molecular and cellular approaches that target cancer cells for destruction, whether by viruses, other microorganisms, vaccination, or by transfer of cells and/or genes."
=588  \\$aDescription based on: 1, article number 14004 (2014); title from PDF header (publisher's Web site, viewed Sept. 11, 2015).
=588  \\$aLatest issue consulted: volume 5, p110 (16 June 2017) (Molecular Therapy Family of Journals, viewed March 28, 2017).
=540  \\$aCurrent copyright fee: GBP34.30$c5\1$5Uk
=650  \0$aCancer$xTreatment$vPeriodicals.
=650  \0$aViruses$xTherapeutic use$vPeriodicals.
=650  \0$aCellular therapy$vPeriodicals.
=650  12$aNeoplasms.
=650  22$aGenetic Therapy.
=650  22$aMolecular Biology.
=650  \7$aCancer$xTreatment.$2fast$0(OCoLC)fst00845538
=650  \7$aCellular therapy.$2fast$0(OCoLC)fst00850322
=650  \7$aViruses$xTherapeutic use.$2fast$0(OCoLC)fst01167787
=655  \2$aPeriodicals.
=655  \7$aPeriodicals.$2fast$0(OCoLC)fst01411641
=655  \4$aFulltext.
=655  \4$aInternet Resources.
=655  \4$aPeriodicals.
=787  0\$tMolecular therapy$x1525-0016
=856  \\$31850-9999$uhttp://www.nature.com/$xBLDSS
=856  40$uhttps://www.ncbi.nlm.nih.gov/pmc/journals/2899/
=856  40$uhttp://www.nature.com/mto$xOA-J
=856  4\$uhttp://www.cell.com/molecular-therapy-family/home$zFollow links to resource
=945  \\$aMolecular therapy oncolytics.
=979  \\$aBritish Library$bDSC$j5900.856900N
=985  \\$a3rd party access title for Remote supply please retain as base record when merging/deleting
=985  \\$aNot sure I need have created a full record, but easily derivable - new publisher needed for Cell Press - GC 28/3/17.
=CAT  \\$a5552$b40$c20161108$lBLL01$h0937
=CAT  \\$aBLDSS-3PM$b00$c20161115$lBLL01$h1529
=CAT  \\$aBATCH-UPD$b00$c20161115$lBLL01$h1532
=CAT  \\$a5552$b40$c20161201$lBLL01$h1055
=CAT  \\$aIPL-CLA$c20161231$lBLL01$h0026
=CAT  \\$aBATCH-UPD$b00$c20170104$lBLL01$h0048
=CAT  \\$a3072$b40$c20170328$lBLL01$h1156
=CAT  \\$a3072$b40$c20170328$lBLL01$h1203
=CAT  \\$aBATCH-UPD$b40$c20171121$lBLL01$h1756
=CAT  \\$aIPL-CLA$c20171231$lBLL01$h1833
=CAT  \\$aBATCH-UPD$b00$c20190521$lBLL01$h1447
=CAT  \\$aIPL-CLA$c20190630$lBLL01$h1549
=CAT  \\$aBATCH-UPD$b00$c20211119$lBLL01$h1603
=CAT  \\$aIPL-CLA$c20211231$lBLL01$h1736
=CFI  0\$aCurrent copyright fee: GBP34.30$c5\1$e01-jan-2022$fGBP34.30$g0$hP$5Uk
=CFI  2\$aPrevious copyright fee: GBP32.84$c5\1$e01-jul-2019$fGBP32.84$g0$hP$5Uk
=FFP  \\$aY$bBLDSS-3PM
=FIN  \\$aY$d20170328
=SRC  \\$aBLL02
=ACF  \\$aPrevious copyright fee: zero$c16\0$e08-nov-2016$fGBP0.00$g0$hP$5Uk
=ACF  \\$aPrevious copyright fee: GBP22.50$c5\1$e01-jan-2017$fGBP22.50$g0$hP$5Uk
=ACF  \\$aPrevious copyright fee: GBP23.40$c5\1$e01-jan-2018$fGBP23.40$g0$hP$5Uk
=LAS  \\$aIPL-CLA$b00$c20211231$lBLL01$h1736

