=LDR  05411cas a2201117 a 4500
=001  013249401
=003  Uk
=005  20220930142659.0
=006  m\\\\\|\\d\|\\\\\\
=007  cr\|||||||||||
=008  050712c200u9999ii\tr\p\o\\\\\0\\\a0eng\\
=FMT  \\$a  SE
=022  0\$a0974-455X$y0974-0287
=040  \\$aUk$beng$cUk$dUk$erda
=042  \\$aukblsr
=082  04$a658.0072054$223
=222  \0$aJournal of management research$b(Delhi. Online)
=245  00$aJournal of management research.
=246  1\$aJMR
=264  \1$aDelhi :$bSouth Asia Publications
=310  \\$aThree times a year
=336  \\$atext$2rdacontent
=337  \\$aunmediated$2rdamedia
=338  \\$avolume$2rdacarrier
=595  \\$aSee card index
=588  \\$aLatest issue consulted: volume 13, issue 4 (October/ December 2013) (publisher's Web site, viewed October 14, 2014).
=540  \\$aCurrent copyright fee: GBP23.75$c90\0$5Uk
=650  \0$aManagement science$zIndia$vPeriodicals.
=650  \0$aManagement science$vPeriodicals.
=650  \0$aManagement$xResearch$zIndia$vPeriodicals.
=650  \0$aManagement$xResearch$vPeriodicals.
=710  2\$aManagement Science Association (Delhi, India),$eissuing body.
=776  08$iAlso issued in print as:$tJournal of management research$x0972-5814
=856  \\$31850-9999$uhttp://www.indianjournals.com/ijor.aspx$xBLDSS
=856  4\$uhttp://fms.edu/?q=node/172$zManagement Science Association homepage
=856  40$uhttp://jmr.indianjournals.com/jmr.aspx?target=ijor:jmr&type=archive
=945  \\$aJournal of management research
=979  \\$aBritish Library$bDSC$j5011.395000N$xDSC Not Selected
=985  \\$aISSN UK Centre note: possible double assignment of ISSN.
=CAT  \\$a6738$b40$c20050712$lBLL01$h0812
=CAT  \\$aBATCH-UPD$b00$c20160824$lBLL01$h1940
=CAT  \\$aBATCH-UPD$b00$c20160825$lBLL01$h0141
=CAT  \\$aIPL-CLA$c20160930$lBLL01$h1605
=CAT  \\$aBATCH-UPD$b00$c20170216$lBLL01$h2036
=CAT  \\$aIPL-CLA$c20170331$lBLL01$h1846
=CAT  \\$aBATCH-UPD$b00$c20170904$lBLL01$h2105
=CAT  \\$aIPL-CLA$c20170929$lBLL01$h1730
=CAT  \\$aBATCH-UPD$b00$c20180223$lBLL01$h2004
=CAT  \\$aIPL-CLA$c20180331$lBLL01$h1621
=CAT  \\$aBATCH-UPD$b00$c20180823$lBLL01$h2015
=CAT  \\$aIPL-CLA$c20180930$lBLL01$h1503
=CAT  \\$aBATCH-UPD$b00$c20190829$lBLL01$h1621
=CAT  \\$aIPL-CLA$c20190930$lBLL01$h1638
=CAT  \\$aBATCH-UPD$b00$c20200219$lBLL01$h1621
=CAT  \\$aIPL-CLA$c20200331$lBLL01$h1614
=CAT  \\$aBATCH-UPD$b00$c20200522$lBLL01$h1546
=CAT  \\$aIPL-CLA$c20200701$lBLL01$h0056
=CAT  \\$aBATCH-UPD$b00$c20210226$lBLL01$h1127
=CAT  \\$aIPL-CLA$c20210331$lBLL01$h1700
=CAT  \\$aBATCH-UPD$b00$c20210707$lBLL01$h1651
=CAT  \\$aIPL-CLA$c20210707$lBLL01$h1843
=CAT  \\$aBATCH-UPD$b00$c20220520$lBLL01$h1736
=CAT  \\$aIPL-CLA$c20220630$lBLL01$h1537
=CAT  \\$aBATCH-UPD$b00$c20220824$lBLL01$h0953
=CAT  \\$aIPL-CLA$c20220930$lBLL01$h1426
=CFI  0\$aCurrent copyright fee: GBP23.75$c90\0$e01-oct-2022$fGBP23.75$g0$hP$5Uk
=CFI  2\$aPrevious copyright fee: GBP22.80$c90\0$e01-jul-2022$fGBP22.80$g0$hP$5Uk
=FFP  \\$aY$bBLDSS-3PM
=TCO  \\$aXXX$c008
=TOC  \\$aETOC
=UNO  \\$aY
=ACF  \\$aPrevious copyright fee: GBP9.00$c0$e01-apr-2010$fGBP9.00$g0$hA$5Uk
=ACF  \\$aPrevious copyright fee: GBP6.00$c0$e01-apr-2008$fGBP6.00$g0$hA$5Uk
=ACF  \\$aPrevious copyright fee: GBP5.00$c0$e12-jul-2005$fGBP5.00$g0$hA$5Uk
=ACF  \\$aPrevious copyright fee: GBP10.50$c0$e01-jan-2011$fGBP10.50$g0$hA$5Uk
=ACF  \\$aPrevious copyright fee: GBP17.50$c90\0$e21-may-2013$fGBP17.50$g0$hP$5Uk
=ACF  \\$aBritish Library not licensed to copy$c0$e01-apr-2013$hC$iCFP Excluded$5Uk
=ACF  \\$aBritish Library not licensed to copy$c0$e07-sep-2011$hC$iTX$5Uk
=ACF  \\$aPrevious copyright fee: GBP18.06$c90\0$e23-oct-2013$fGBP18.06$g0$hP$5Uk
=ACF  \\$aPrevious copyright fee: GBP17.50$c90\0$e01-jan-2014$fGBP17.50$g0$hP$5Uk
=ACF  \\$aPrevious copyright fee: GBP16.97$c90\0$e01-jul-2014$fGBP16.97$g0$hP$5Uk
=ACF  \\$aPrevious copyright fee: GBP18.06$c90\0$e01-apr-2015$fGBP18.06$g0$hP$5Uk
=ACF  \\$aPrevious copyright fee: GBP18.67$c90\0$e01-jul-2015$fGBP18.67$g0$hP$5Uk
=ACF  \\$aPrevious copyright fee: GBP18.39$c90\0$e01-oct-2015$fGBP18.39$g0$hP$5Uk
=ACF  \\$aPrevious copyright fee: GBP19.66$c90\0$e01-apr-2016$fGBP19.66$g0$hP$5Uk
=ACF  \\$aPrevious copyright fee: GBP21.11$c90\0$e01-oct-2016$fGBP21.11$g0$hP$5Uk
=ACF  \\$aPrevious copyright fee: GBP22.80$c90\0$e01-apr-2017$fGBP22.80$g0$hP$5Uk
=ACF  \\$aPrevious copyright fee: GBP21.92$c90\0$e01-oct-2017$fGBP21.92$g0$hP$5Uk
=ACF  \\$aPrevious copyright fee: GBP20.36$c90\0$e01-apr-2018$fGBP20.36$g0$hP$5Uk
=ACF  \\$aPrevious copyright fee: GBP21.92$c90\0$e01-oct-2018$fGBP21.92$g0$hP$5Uk
=ACF  \\$aPrevious copyright fee: GBP22.80$c90\0$e01-oct-2019$fGBP22.80$g0$hP$5Uk
=ACF  \\$aPrevious copyright fee: GBP21.92$c90\0$e01-apr-2020$fGBP21.92$g0$hP$5Uk
=ACF  \\$aPrevious copyright fee: GBP22.80$c90\0$e01-jul-2020$fGBP22.80$g0$hP$5Uk
=ACF  \\$aPrevious copyright fee: GBP21.11$c90\0$e01-apr-2021$fGBP21.11$g0$hP$5Uk
=ACF  \\$aPrevious copyright fee: GBP20.36$c90\0$e07-jul-2021$fGBP20.36$g0$hP$5Uk
=LAS  \\$aIPL-CLA$b00$c20220930$lBLL01$h1426

