=LDR  04044aas a2200997 a 4500
=001  011457335
=003  Uk
=005  20201111093522.0
=006  m\\\\\\\\d\\\\\\\\
=007  cr\|||||||||||
=008  011130d19892003enkbr\pss\\\\\0\\\a0eng\c
=FMT  \\$a  SE
=010  \\$a2001229246
=015  \\$aGBB044783$2bnb
=022  0\$a1465-8933$202
=035  \\$a(OCoLC)48513843$z(OCoLC)44355911
=040  \\$aFUG$cFUG$dOCLCQ$dOCL$dOCLCQ$dBUF$duk
=042  \\$aukblsr$aissnuk
=050  \4$aSB950.9
=082  04$a632.95$222
=130  0\$aPesticide outlook (Online)
=210  0\$aPestic. outlook$b(Online)
=222  \0$aPesticide outlook$b(Online)
=245  10$aPesticide outlook$h[electronic resource].
=260  \\$aCambridge :$bRoyal Society of Chemistry
=336  \\$atext$2rdacontent
=337  \\$acomputer$2rdamedia
=338  \\$aonline resource$2rdacarrier
=362  1\$aPrint began with vol. 1, issue 1, published in 1989; ceased with v. 14, no. 6 (Dec. 2003).
=530  \\$aAlso issued in print.
=500  \\$aDescription based on: Vol. 10, issue 1 (2000); title from journal information screen (viewed Nov. 30, 2001).
=500  \\$aFinal issue consulted (RSC Journals, viewed Sept. 8, 2008).
=538  \\$aMode of access: World Wide Web.
=540  \\$aCurrent copyright fee: GBP46.75$c6\2$5Uk
=650  \0$aPesticides$vPeriodicals.
=776  1\$tPesticide outlook$x0956-1250
=785  00$tOutlooks on pest management (Online)$x1743-1034
=710  2\$aRoyal Society of Chemistry (Great Britain)
=856  \\$31850-9999$uhttp://www.rsc.org/$xBLDSS
=856  4\$uhttp://www.rsc.org/is/journals/current/pest/pocon.htm$zLink no longer valid as of Sept. 8, 2008:
=856  40$uhttp://www.rsc.org/Publishing/Journals/PO/index.asp
=945  \\$aPesticide outlook.
=979  \\$aBritish Library$bDSC$j6428.410000
=CAT  \\$aCONV$b00$c20040425$lBLL90$h0850
=CAT  \\$a3072$b40$c20100326$lBLL01$h1411
=CAT  \\$a3072$b40$c20100326$lBLL01$h1413
=CAT  \\$aBATCH-UPD$b40$c20100331$lBLL01$h2252
=CAT  \\$aBATCH-UPD$b40$c20100401$lBLL01$h0219
=CAT  \\$aBATCH$b00$c20100401$lBLL01$h0520
=CAT  \\$aBATCH$b00$c20100401$lBLL01$h1547
=CAT  \\$aISSN$b40$c20100422$lBLL01$h0956
=CAT  \\$a5552$b40$c20110412$lBLL01$h1629
=CAT  \\$aIPL-CLA$c20110630$lBLL01$h1534
=CAT  \\$aBATCH-UPD$b00$c20111123$lBLL01$h1855
=CAT  \\$aIPL-CLA$c20111230$lBLL01$h1929
=CAT  \\$aBATCH-UPD$b00$c20121105$lBLL01$h1132
=CAT  \\$aBATCH-CLA$b00$c20121108$lBLL01$h1736
=CAT  \\$aBATCH-UPD$b00$c20121121$lBLL01$h1702
=CAT  \\$aIPL-CLA$c20121231$lBLL01$h1303
=CAT  \\$aIPL-CLA$c20130102$lBLL01$h1715
=CAT  \\$aBLDSS-3PM$b00$c20150111$lBLL01$h1520
=CAT  \\$a5552$b40$c20150702$lBLL01$h0932
=CAT  \\$aBATCH-UPD$b40$c20160413$lBLL01$h1813
=CAT  \\$aBATCH-UPD$b40$c20161122$lBLL01$h1549
=CAT  \\$aBATCH-UPD$b40$c20161122$lBLL01$h1828
=CAT  \\$aIPL-CLA$c20161230$lBLL01$h2020
=CAT  \\$a5552$b40$c20170310$lBLL01$h0806
=CAT  \\$aW1711-1225$c20171203$lBLL01$h1019
=CAT  \\$a6490$b40$c20201111$lBLL01$h0935
=CFI  0\$aCurrent copyright fee: GBP46.75$c6\2$e01-jan-2017$fGBP46.75$g0$hP$5Uk
=CFI  2\$aPrevious copyright fee: GBP41.80$c6\2$e02-jul-2015$fGBP41.80$g0$hP$5Uk
=FFP  \\$aY$bBLDSS-3PM
=FIN  \\$aY
=LEO  \\$aMP22.0000060588
=LET  \0$aPesticide outlook (Online)
=SID  \\$aZ39$bOCLC
=SRC  \\$aISN01$bbibmp22.200404.2.aa
=TCO  \\$aCLA$bCLA$c008
=TOC  \\$aETOC
=UNO  \\$aY
=ACF  \\$aPrevious copyright fee: GBP31.50$c6\2$e01-apr-2010$fGBP31.50$g0$hP$5Uk
=ACF  \\$aPrevious copyright fee: GBP28.35$c6\2$e01-jan-2009$fGBP28.35$g0$hP$5Uk
=ACF  \\$aPrevious copyright fee: GBP33.60$c6\2$e01-jul-2011$fGBP33.60$g0$hP$5Uk
=ACF  \\$aPrevious copyright fee: GBP37.80$c6\2$e01-jan-2013$fGBP37.80$g0$hP$5Uk
=ACF  \\$aPrevious copyright fee: GBP35.70$c6\2$e01-jan-2012$fGBP35.70$g0$hP$5Uk
=LAS  \\$a6490$b40$c20201111$lBLL01$h0935

