=LDR  07693cas a22015013  4500
=001  005477584
=003  Uk
=005  20230930080044.0
=006  m\\\\\o\\d\\\\\\\\
=007  cr\cnu||||||||
=008  020910c20039999pauqr\pso\\\\\0\\\a0eng\c
=FMT  \\$a  SE
=010  \\$a  2002215178
=019  c\$a3021713
=022  0\$a1541-7077$l1541-7069$y1541-7069$21
=035  \\$a(OCoLC)50574737
=040  \\$aNSD$beng$cNSD$dOCLCQ$dNSD$dDLC$dNSD$dOCL$dOCLCQ$dLGG$dOCLCQ$dHEBIS$dOCLCQ$dOCLCF$dOCLCO$dUk
=042  \\$aukblsr
=050  10$aISSN RECORD
=050  14$aRA1225$b.J68
=082  04$a615.90083$223
=130  0\$aJournal of children's health (Online)
=210  0\$aJ. child. health$b(Online)
=222  \0$aJournal of children's health$b(Online)
=245  10$aJournal of children's health$h[electronic resource].
=260  \\$aBoca Raton, FL :$bCRC Press LLC
=310  \\$aQuarterly
=336  \\$atext$2rdacontent
=337  \\$acomputer$2rdamedia
=338  \\$aonline resource$2rdacarrier
=362  1\$aPrint began with vol. 1, no. 1 (Mar. 2003).
=595  \\$aSEE CARD INDEX.
=500  \\$aPublished: Philadelphia, Pa. : Taylor & Francis, 2003-
=530  \\$aAlso issued in print.
=538  \\$aMode of access: World Wide Web.
=588  \\$aDescription based on: Vol. 1, no. 3 (July/Sept. 2003); title from table of contents page (publisher's Web site, viewed Dec. 30, 2003).
=540  \\$aCurrent copyright fee: GBP46.00$c2\0$5Uk
=650  \0$aPediatric toxicology$vPeriodicals.
=650  \0$aEnvironmentally induced diseases in children$vPeriodicals.
=650  \0$aChildren and the environment$vPeriodicals.
=650  \0$aChildren$xHealth and hygiene$vPeriodicals.
=650  \0$aHealth risk assessment$vPeriodicals.
=776  1\$tJournal of children's health$x1541-7069
=856  \\$31850-9999$uhttp://informahealthcare.com$xBLDSS
=856  4\$uhttp://firstsearch.oclc.org$zAddress for accessing the journal using authorization number and password through OCLC FirstSearch Electronic Collections Online
=856  4\$uhttp://firstsearch.oclc.org/journal=1541-7069;screen=info;ECOIP$zAddress for accessing the journal from an authorized IP address through OCLC FirstSearch Electronic Collections Online
=856  40$uhttp://taylorandfrancis.metapress.com/link.asp?id=110772
=856  42$uhttp://www.tandf.co.uk/journals/titles/15417069.asp
=945  \\$aJOURNAL OF CHILDRENS HEALTH.
=979  \\$aBritish Library$bDSC$j4957.937000N
=985  \\$aCorrected by BSS-generated file for WR# 10/166
=A02  \\$a3021713
=CAT  \\$aCONV$b00$c20040502$lBLL01$h1101
=CAT  \\$aWR12-140$c20121031$lBLL01$h1714
=CAT  \\$aBATCH-CLA$b00$c20121102$lBLL01$h1751
=CAT  \\$aWR13.005$c20130329$lBLL01$h1240
=CAT  \\$a5552$b40$c20140219$lBLL01$h1552
=CAT  \\$a8201$b40$c20140807$lBLL01$h1417
=CAT  \\$aBLDSS-3PM$b00$c20141121$lBLL01$h1800
=CAT  \\$a8874$b40$c20141124$lBLL01$h0744
=CAT  \\$a5552$b40$c20150209$lBLL01$h1437
=CAT  \\$aIPL-CLA$c20150331$lBLL01$h1517
=CAT  \\$aBATCH-UPD$b00$c20151119$lBLL01$h1556
=CAT  \\$aIPL-CLA$c20151231$lBLL01$h1839
=CAT  \\$aBATCH-UPD$b00$c20160413$lBLL01$h1759
=CAT  \\$aBATCH-UPD$b00$c20160524$lBLL01$h2146
=CAT  \\$aBATCH-UPD$b00$c20161122$lBLL01$h1536
=CAT  \\$aIPL-CLA$c20161230$lBLL01$h1515
=CAT  \\$aBATCH-UPD$b00$c20171121$lBLL01$h1715
=CAT  \\$aIPL-CLA$c20171231$lBLL01$h1105
=CAT  \\$aBATCH-UPD$b00$c20181217$lBLL01$h1703
=CAT  \\$aIPL-CLA$c20181231$lBLL01$h1519
=CAT  \\$aBATCH-UPD$b00$c20210126$lBLL01$h1319
=CAT  \\$aIPL-CLA$c20210126$lBLL01$h1446
=CAT  \\$aBATCH-UPD$b00$c20221121$lBLL01$h1421
=CAT  \\$aIPL-CLA$c20221231$lBLL01$h1431
=CAT  \\$aR2308-1440$c20230824$lBLL01$h0922
=CAT  \\$aIPL-CLA$c20230930$lBLL01$h0800
=CFI  0\$aCurrent copyright fee: GBP46.00$c2\0$e01-oct-2023$fGBP46.00$g0$hP$5Uk
=CFI  2\$aPrevious copyright fee: GBP46.00$c45\0$e01-jan-2023$fGBP46.00$g0$hP$5Uk
=FFP  \\$aY$bBLDSS-3PM
=FIN  \\$aY
=LEO  \\$aMP10.0000319942
=SID  \\$aZ39$bOCLC
=SRC  \\$aDSS01$bbibmp10.200404.2.aa
=TCO  \\$aTRS$bCCC$c008
=TOC  \\$aETOC
=ACF  \\$aPrevious Copyright Fee: GBP29.37$c0$e01-apr-2012$fGBP29.37$g0$hC$5Uk
=ACF  \\$aPrevious Copyright Fee: GBP29.37$c0$e01-jan-2012$fGBP29.37$g0$hC$5Uk
=ACF  \\$aPrevious Copyright Fee: GBP29.37$c0$e01-oct-2011$fGBP29.37$g0$hC$5Uk
=ACF  \\$aPrevious Copyright Fee: GBP29.37$c0$e01-jul-2011$fGBP29.37$g0$hC$5Uk
=ACF  \\$aPrevious Copyright Fee: GBP29.37$c0$e01-apr-2011$fGBP29.37$g0$hC$5Uk
=ACF  \\$aPrevious Copyright Fee: GBP29.37$c0$e01-jan-2011$fGBP29.37$g0$hC$5Uk
=ACF  \\$aPrevious Copyright Fee: GBP29.37$c0$e01-oct-2010$fGBP29.37$g0$hC$5Uk
=ACF  \\$aPrevious Copyright Fee: GBP29.37$c0$e01-jul-2010$fGBP29.37$g0$hC$5Uk
=ACF  \\$aPrevious Copyright Fee: GBP29.37$c0$e01-apr-2010$fGBP29.37$g0$hC$5Uk
=ACF  \\$aPrevious Copyright Fee: GBP29.37$c0$e01-Jan-2010$fGBP29.37$g0$hC$5Uk
=ACF  \\$aPrevious Copyright Fee: GBP58.75$c0$e01-oct-2009$fGBP58.75$g0$hC$5Uk
=ACF  \\$aPrevious Copyright Fee: GBP29.37$c0$e01-jul-2009$fGBP29.37$g0$hC$5Uk
=ACF  \\$aPrevious Copyright Fee: GBP21.28$c0$e01-apr-2009$fGBP21.28$g0$hC$5Uk
=ACF  \\$aPrevious Copyright Fee: GBP18.00$c0$e01-jan-2009$fGBP18.00$g0$hC$5Uk
=ACF  \\$aPrevious Copyright Fee: GBP18.00$c0$e01-oct-2008$fGBP18.00$g0$hC$5Uk
=ACF  \\$aPrevious Copyright Fee: GBP18.00$c0$e01-jul-2008$fGBP18.00$g0$hC$5Uk
=ACF  \\$aPrevious Copyright Fee: GBP18.00$c0$e01-apr-2008$fGBP18.00$g0$hC$5Uk
=ACF  \\$aPrevious Copyright Fee: GBP18.00$c0$e01-jan-2008$fGBP18.00$g0$hC$5Uk
=ACF  \\$aPrevious Copyright Fee: GBP18.00$c0$e01-oct-2007$fGBP18.00$g0$hC$5Uk
=ACF  \\$aPrevious Copyright Fee: GBP18.00$c0$e01-jul-2007$fGBP18.00$g0$hC$5Uk
=ACF  \\$aPrevious Copyright Fee: GBP18.00$c0$e01-apr-2007$fGBP18.00$g0$hC$5Uk
=ACF  \\$aPrevious Copyright Fee: GBP18.00$c0$e01-jan-2007$fGBP18.00$g0$hC$5Uk
=ACF  \\$aPrevious Copyright Fee: GBP18.00$c0$e01-oct-2006$fGBP18.00$g0$hC$5Uk
=ACF  \\$aPrevious Copyright Fee: GBP18.00$c0$e01-jul-2006$fGBP18.00$g0$hC$5Uk
=ACF  \\$aPrevious Copyright Fee: GBP18.00$c0$e01-apr-2006$fGBP18.00$g0$hC$5Uk
=ACF  \\$aPrevious Copyright Fee: GBP18.00$c0$e01-jan-2006$fGBP18.00$g0$hC$5Uk
=ACF  \\$aPrevious Copyright Fee: GBP18.00$c0$e01-oct-2005$fGBP18.00$g0$hC$5Uk
=ACF  \\$aPrevious Copyright Fee: GBP18.00$c0$e01-jul-2005$fGBP18.00$g0$hC$5Uk
=ACF  \\$aPrevious Copyright Fee: GBP18.00$c0$e01-apr-2005$fGBP18.00$g0$hC$5Uk
=ACF  \\$aPrevious copyright fee: GBP5.00$c0$e01-jan-2005$fGBP5.00$g0$hA$5Uk
=ACF  \\$aPrevious copyright fee: GBP15.00$c2\0$e01-jan-2004$fGBP15.00$g0$hP$5Uk
=ACF  \\$aPrevious Copyright Fee: GBP29.37$c0$e01-oct-2012$fGBP29.37$g0$hC$5Uk
=ACF  \\$aPrevious Copyright Fee: GBP29.37$c0$e01-jul-2012$fGBP29.37$g0$hC$5Uk
=ACF  \\$aPrevious copyright fee: GBP34.00$c45\0$e19-feb-2014$fGBP34.00$g0$hP$5Uk
=ACF  \\$aPrevious copyright fee: GBP33.00$c45\0$e01-apr-2015$fGBP33.00$g0$hP$5Uk
=ACF  \\$aPrevious copyright fee: GBP34.00$c45\0$e01-jan-2016$fGBP34.00$g0$hP$5Uk
=ACF  \\$aPrevious copyright fee: GBP36.00$c45\0$e01-jan-2017$fGBP36.00$g0$hP$5Uk
=ACF  \\$aPrevious copyright fee: GBP38.00$c45\0$e01-jan-2018$fGBP38.00$g0$hP$5Uk
=ACF  \\$aPrevious copyright fee: GBP40.00$c45\0$e01-jan-2019$fGBP40.00$g0$hP$5Uk
=ACF  \\$aPrevious copyright fee: GBP44.00$c45\0$e26-jan-2021$fGBP44.00$g0$hP$5Uk
=LAS  \\$aIPL-CLA$b00$c20230930$lBLL01$h0800

