=LDR  03242 as a2200793 a 4500
=001  017433769
=003  Uk
=005  20161221154232.0
=006  m\\\\\o\\d\\\\\\\\
=007  cr\cnu||||||||
=008  070928d20072014mdumr\p\o\\\\\0\\\a0eng\\
=FMT  \\$a  SE
=010  \\$a  2011200813
=015  \\$aGBB587471$2bnb
=016  7\$a2640721-8$2DE-600
=022  \\$a2162-9838$y1938-8640$l1938-8640
=035  \\$a(OCoLC)173496017
=040  \\$aCoDORN$beng$cCoDORN$dCaQMM$dCaNfSM$dOCoLC$dDLC$dHEBIS$dOCoLC$dOCLCF$dPPiU-H$dOCoLC$dUk
=042  \\$aukblsr
=050  14$aRA784$b.N84
=082  04$a615.854$223
=130  0\$aClinical nutrition insight (Online)
=210  0\$aClin. nutr. insight$b(Online)
=222  \0$aClinical nutrition insight$b(Online)
=245  10$aClinical nutrition insight$h[electronic resource].
=260  \\$aHagerstown, MD :$bLippincott Williams & Wilkins
=310  \\$aMonthly
=336  \\$atext$2rdacontent
=337  \\$acomputer$2rdamedia
=338  \\$aonline resource$2rdacarrier
=362  0\$aVol. 33, no. 8 (Aug. 2007)-v. 40(1) (Jan. 2014).
=580  \\$aIncludes issues of earlier title: Nutrition & the M.D.
=588  \\$aDescription based on table of contents page (viewed Sept. 28, 2007).
=588  \\$aLatest issue consulted: 40(1) (Jan. 2014) (Ovid website, viewed Feb. 12, 2014).
=540  \\$aCurrent copyright fee: GBP32.00$c20\0$5Uk
=650  \0$aDiet therapy$vPeriodicals.
=650  \0$aDietetics$vPeriodicals.
=650  \0$aNutrition$vPeriodicals.
=655  \7$aPeriodicals.$2fast
=776  08$iAlso issued in print as:$tClinical nutrition insight$x1938-8640
=780  10$tNutrition & the M.D. (Online)
=856  \\$31850-9999$uhttp://journals.lww.com/pages/default.aspx$xBLDSS
=856  40$uhttp://gateway.ovid.com/ovidweb.cgi?T=JS&NEWS=N&PAGE=toc&SEARCH=01300516-000000000-00000.kc&LINKTYPE=asBody&LINKPOS=1&D=ovft$zFull text available through Journals at Ovid. IP Restricted
=856  40$uhttp://journals.lww.com/clinnutrinsight/pages/default.aspx
=945  \\$aClinical Nutrition Insight.
=979  \\$aBritish Library$bDSC$j3286.315220N
=CAT  \\$a8323$b40$c20150707$lBLL01$h1423
=CAT  \\$a8323$b40$c20150707$lBLL01$h1426
=CAT  \\$aBATCH-CLA$b00$c20150828$lBLL01$h1543
=CAT  \\$aIPL-CLA$c20150930$lBLL01$h1856
=CAT  \\$a5552$b40$c20160119$lBLL01$h0911
=CAT  \\$aBLDSS-3PM$b00$c20160201$lBLL01$h1812
=CAT  \\$aBATCH-UPD$b00$c20160217$lBLL01$h1713
=CAT  \\$aWR14_128$c20160226$lBLL01$h1632
=CAT  \\$aIPL-CLA$c20160331$lBLL01$h1820
=CAT  \\$aBATCH-UPD$b00$c20160413$lBLL01$h1829
=CAT  \\$aBATCH-UPD$b00$c20160524$lBLL01$h2200
=CAT  \\$aBATCH-UPD$b00$c20160524$lBLL01$h2307
=CAT  \\$a5552$b40$c20161221$lBLL01$h1542
=CFI  0\$aCurrent copyright fee: GBP32.00$c20\0$e01-apr-2016$fGBP32.00$g0$hP$5Uk
=CFI  2\$aPrevious copyright fee: GBP30.32$c20\0$e19-jan-2016$fGBP30.32$g0$hP$5Uk
=FFP  \\$aY$bBLDSS-3PM
=FIN  \\$aY$d20150707
=LKR  \\$aPAR$b014623555$lBLL01$nClinical nutrition insight (Print)$mClinical nutrition insight (Online)$r776
=MNI  \\$a1938-8640
=SRC  \\$aBLL02
=TOC  \\$aETOC
=UNO  \\$aY
=LAS  \\$a5552$b40$c20161221$lBLL01$h1542

