=LDR  02252 as a22005657a 4500
=001  018716702
=003  Uk
=005  20180509082650.0
=006  m\\\\\\\\d\|||||||
=007  cr\|||||||||||
=008  170803c20139999enkfr\p\\\\\\\0\\\a0eng\\
=FMT  \\$a  SE
=022  \\$a1925-6639
=040  \\$aUk$beng$cUk$dUk
=210  0\$aFields math. educ. j.
=222  \0$aFields mathematics education journal
=245  00$aFields mathematics education journal.
=246  13$aFMEJ
=264  \1$aToronto, Ontario :$bFields Institute for Research in Mathematical Sciences,$c[2013]-
=264  31$32017-$a[London?] :$bSpringer Nature
=336  \\$atext$2rdacontent
=337  \\$acomputer$2rdamedia
=338  \\$aonline resource$2rdacarrier
=362  1\$aBegan with: Vol. 1, no. 1 (2013).
=540  \\$aCurrent copyright fee: zero$c22\1$5Uk
=588  \\$aLatest issue consulted: 3:1 (2017) (8 December 2017) (SpringerOpen, viewed May 9, 2018).
=710  2\$aFields Institute for Research in Mathematical Sciences.
=856  \\$31850-9999$uhttp://link.springer.com/$xBLDSS
=856  4\$uhttp://fmej.fields.utoronto.ca/index.php/FMEJ$zLink no longer valid
=856  40$uhttps://fieldsmathed.springeropen.com/
=945  \\$aFields mathematics education journal.
=979  \\$aBritish Library$bDSC$j2925.258500N
=985  \\$a3rd party access title for Remote supply please retain as base record when merging/deleting
=CAT  \\$a5552$b40$c20180130$lBLL01$h1217
=CAT  \\$aBATCH-UPD$b40$c20180131$lBLL01$h0100
=CAT  \\$aBLDSS-3PM$b00$c20180208$lBLL01$h1048
=CAT  \\$aBATCH-UPD$b00$c20180208$lBLL01$h1052
=CAT  \\$a5410$b40$c20180215$lBLL01$h1405
=CAT  \\$aBATCH-UPD$b40$c20180223$lBLL01$h1707
=CAT  \\$a5552$b40$c20180328$lBLL01$h1428
=CAT  \\$a10806$b40$c20180509$lBLL01$h0805
=CAT  \\$a10806$b40$c20180509$lBLL01$h0806
=CAT  \\$a10806$b40$c20180509$lBLL01$h0813
=CAT  \\$a10806$b40$c20180509$lBLL01$h0826
=CFI  0\$aCurrent copyright fee: zero$c22\1$e28-mar-2018$fGBP0.00$g0$hP$5Uk
=CFI  2\$aPrevious copyright fee: GBP30.73$c22\1$e30-jan-2018$fGBP30.73$g0$hP$5Uk
=FFP  \\$aY$bBLDSS-3PM
=FIN  \\$aY$d20180509
=UNO  \\$aY
=LAS  \\$a10806$b40$c20180509$lBLL01$h0826

