=LDR  04576 as a2200997 a 4500
=001  016323884
=003  Uk
=005  20191231203443.0
=006  m\\\\\o\\d\\\\\\\\
=007  cr\mnu||||||||
=008  000502d19922000enkbr\pso\\\\\0\\\a0eng\c
=FMT  \\$a  SE
=010  \\$a2001212360
=022  0\$a1099-0712$l1057-9257$y1057-9257$21
=035  \\$a(OCoLC)43964899
=040  \\$aOH1$cOH1$dNSD$dTJC$dOCLCQ$dIUL$dOCLCQ$dUk
=042  \\$ansdp$aukblsr
=050  14$aTK7874.8$b.A332
=082  10$a621$213
=130  0\$aAdvanced materials for optics and electronics (Online)
=210  0\$aAdv. mat. optics elec.$b(Online)
=222  \0$aAdvanced materials for optics and electronics$b(Online)
=245  10$aAdvanced materials for optics and electronics$h[electronic resource].
=260  \\$a[Chichester, England] :$bJohn Wiley & Sons, Ltd.,$c1992-2000.
=310  \\$aBimonthly
=336  \\$atext$2rdacontent
=337  \\$acomputer$2rdamedia
=338  \\$aonline resource$2rdacarrier
=362  0\$aVol. 1, issue 1 (Feb. 1992)-v. 10, issue 6 (Nov./Dec. 2000).
=500  \\$aTitle from table of contents screen (Wiley InterScience, viewed: May 23, 2006).
=588  \\$aFinal issue consulted: volume 10, issue 6 (November/December 2000) (Wiley Online Library, viewed May 14, 2013).
=530  \\$aIssued also in print.
=538  \\$aMode of access: World Wide Web.
=580  \\$aFormed by the union of: Journal of molecular electronics; and: Chemtronics.
=580  \\$aIssues listed under Web site of later title: Advanced functional materials (Online).
=540  \\$aCurrent Copyright Fee: GBP46.00$c35\0$5Uk
=650  \0$aMolecular electronics$xMaterials$vPeriodicals.
=650  \0$aElectrooptics$xMaterials$vPeriodicals.
=650  \0$aOptoelectronics$xMaterials$vPeriodicals.
=776  1\$tAdvanced materials for optics and electronics$x1057-9257
=780  14$tJournal of molecular electronics
=780  14$tChemtronics
=785  00$tAdvanced functional materials (Online)$x1616-3028
=856  \\$31850-9999$uhttp://onlinelibrary.wiley.com/$xBLDSS
=856  40$uhttp://onlinelibrary.wiley.com/journal/10.1002/(ISSN)1616-3028
=856  40$uhttp://www3.interscience.wiley.com/cgi-bin/jhome/109614372$aWiley InterScience$z1992-1995
=856  40$uhttp://www3.interscience.wiley.com/cgi-bin/jhome/5842/$aWiley InterScience$z1996-2000
=945  \\$aAdvanced materials for optics and electronics.
=979  \\$aBritish Library$bDSC$j0696.898700
=985  \\$aELD accessioning record upgraded, 14/5/13.
=CAT  \\$a10983$b40$c20130422$lBLL01$h1328
=CAT  \\$a5997$b40$c20130514$lBLL01$h1535
=CAT  \\$aBATCH-CLA$b00$c20130531$lBLL01$h1645
=CAT  \\$aIPL-CLA$c20130701$lBLL01$h0157
=CAT  \\$aBATCH-CLA$b00$c20131129$lBLL01$h1658
=CAT  \\$aIPL-CLA$c20140101$lBLL01$h0210
=CAT  \\$aBATCH-CLA$b00$c20140228$lBLL01$h1617
=CAT  \\$aIPL-CLA$c20140331$lBLL01$h1642
=CAT  \\$aBATCH-CLA$b00$c20140530$lBLL01$h1706
=CAT  \\$aIPL-CLA$c20140630$lBLL01$h1759
=CAT  \\$aBATCH-CLA$b00$c20150227$lBLL01$h1629
=CAT  \\$aIPL-CLA$c20150331$lBLL01$h1723
=CAT  \\$aBATCH-CLA$b00$c20150828$lBLL01$h1541
=CAT  \\$aIPL-CLA$c20150930$lBLL01$h1848
=CAT  \\$aBATCH-CLA$b00$c20151127$lBLL01$h1631
=CAT  \\$aWR15058$c20151230$lBLL01$h1441
=CAT  \\$a5552$b40$c20191203$lBLL01$h1440
=CAT  \\$aBLDSS-3PM$b00$c20191211$lBLL01$h0809
=CAT  \\$aBATCH-UPD$b00$c20191211$lBLL01$h0809
=CAT  \\$aIPL-CLA$c20191231$lBLL01$h2034
=CFI  0\$aCurrent Copyright Fee: GBP46.00$c35\0$e01-jan-2020$fGBP46.00$g0$hP$5Uk
=CFI  2\$aPrevious copyright fee: GBP28.00$c35\0$e03-dec-2019$fGBP28.00$g0$hP$5Uk
=FFP  \\$aY$bBLDSS-3PM
=FIN  \\$aY$d20130514
=LKR  \\$aPAR$b009187271$lBLL01$nAdvanced materials for optics and electronics (Print)$mAdvanced materials for optics and electronics (Online)$r776
=MNI  \\$a1057-9257
=SID  \\$aZ39$bOCLC
=TOC  \\$aETOC
=UNO  \\$aY
=ACF  \\$aBritish Library not licensed to copy$c0$e01-jul-2013$hC$iCFP Excluded$5Uk
=ACF  \\$aBritish Library not licensed to copy$c0$e01-jan-2014$hC$iCFP Excluded$5Uk
=ACF  \\$aBritish Library not licensed to copy$c0$e01-apr-2014$hC$iCFP Excluded$5Uk
=ACF  \\$aPrevious Copyright Fee: GBP21.21$c0$e01-jul-2014$fGBP21.21$g0$hC$5Uk
=ACF  \\$aPrevious Copyright Fee: GBP22.58$c0$e01-oct-2015$fGBP22.58$g0$hC$5Uk
=ACF  \\$aPrevious Copyright Fee: GBP23.33$c0$e01-apr-2015$fGBP23.33$g0$hC$5Uk
=LAS  \\$aIPL-CLA$b00$c20191231$lBLL01$h2034

