=LDR  04919cas a2201105 i 4500
=001  017630874
=003  Uk
=005  20221231145348.0
=006  m\\\\\o\\d\\\\\\\\
=007  cr\|||||||||||
=008  080417d19802014enktr\p\o\\\\\0\\\a0eng\\
=FMT  \\$a  SE
=010  \\$a  2008215688
=022  \\$a1942-0773$l0256-0054$y0256-0054
=035  \\$a(OCoLC)225181413
=040  \\$aNSDP$beng$cNSDP$dDLC$dOCoLC$dCaQMM$dOkU$dUX0$dGStG$dCU-S$dOCoLC$dOCLCF$dDLC$dOCLCO$dTxCM$dUk$erda
=041  0\$aeng$aafr
=042  \\$aukblsr
=043  \\$afs-----
=050  14$aPN4705$b.E36
=082  04$a302.23096$223
=222  \0$aEcquid novi$b(Madison, Wis. Online)
=245  00$aEcquid novi.
=246  1\$iIssues for <2008>- have subtitle:$aAfrican journalism studies
=264  \1$aJohannesburg :$bDepartement Kommunikasieleer, Randse Afrikaanse Universiteit,$c[1980-2014]
=264  31$3<1986-1991>:$aJohannesburg :$bArgo-Publikasies
=264  21$3<2002>-2010:$aMadison :$bUniversity of Wisconsin Press
=264  31$32011-2014:$aAbingdon, Oxon, UK :$bRoutledge, Taylor & Francis Group ;$aPretoria, South Africa :$bUnisa Press
=310  \\$aThree times a year,$b2011-
=321  \\$aTwo no. a year,$b<2000>-2010
=336  \\$atext$btxt$2rdacontent
=337  \\$acomputer$bc$2rdamedia
=338  \\$aonline resource$bcr$2rdacarrier
=362  1\$aPrint began with: Vol. 1 (1) (1980.01.01).
=362  0\$a-volume 35, issue 3 (2014).
=500  \\$a"Journal for journalism in Southern Africa."
=500  \\$aSome issues also have thematic titles.
=515  \\$aSome numbers issued in combined form.
=546  \\$aAfrikaans and English, 1980-1996; English only, 1997-
=550  \\$aPublished in association with: Institute for Media Analysis in South Africa, 2011-2014.
=588  \\$aDescription based on: Vol. 23, no. 2 (2002); title from title screen (publisher's Web site viewed Apr. 16, 2008).
=588  \\$aLatest issue consulted: volume 35, issue 3 (2014) (viewed November 27, 2015).
=540  \\$aCurrent copyright fee: GBP37.00$c2\0$5Uk
=650  \0$aJournalism$xSocial aspects$zAfrica$vPeriodicals.
=650  \0$aJournalism$xSocial aspects$vPeriodicals.
=650  \0$aPress$zAfrica$vPeriodicals.
=650  \0$aPress$vPeriodicals.
=655  \7$aPeriodicals.$2fast
=710  2\$aRandse Afrikaanse Universiteit.$bDepartement Kommunikasieleer,$eissuing body.
=710  2\$aInstitute for Media Analysis in South Africa,$eissuing body.
=776  08$iPrint version:$tEcquid novi$x0256-0054
=785  00$tAfrican journalism studies$x2374-3689
=856  \\$31850-9999$uhttp://www.tandfonline.com/$xBLDSS
=856  40$uhttp://www.tandfonline.com/toc/loi/recq21
=856  40$uhttp://www.wisc.edu/wisconsinpress/journals,$zLink no longer valid
=945  \\$aEcquid novi.
=979  \\$aBritish Library$bDSC$j3659.557800
=CAT  \\$a8323$b40$c20151126$lBLL01$h1338
=CAT  \\$a8323$b40$c20151127$lBLL01$h1018
=CAT  \\$a8323$b40$c20151127$lBLL01$h1615
=CAT  \\$aBATCH-CLA$b00$c20151127$lBLL01$h1631
=CAT  \\$aWR15058$c20151230$lBLL01$h1442
=CAT  \\$a5552$b40$c20160118$lBLL01$h1547
=CAT  \\$aBLDSS-3PM$b00$c20160201$lBLL01$h1812
=CAT  \\$aBATCH-UPD$b00$c20160413$lBLL01$h1829
=CAT  \\$aBATCH-UPD$b00$c20161122$lBLL01$h1515
=CAT  \\$aBATCH-UPD$b00$c20161122$lBLL01$h1627
=CAT  \\$aIPL-CLA$c20161231$lBLL01$h0024
=CAT  \\$aBATCH-UPD$b00$c20170102$lBLL01$h0219
=CAT  \\$aBATCH-UPD$b00$c20170127$lBLL01$h1631
=CAT  \\$a5552$b40$c20170201$lBLL01$h1507
=CAT  \\$aBATCH-UPD$b40$c20171121$lBLL01$h1651
=CAT  \\$aIPL-CLA$c20171231$lBLL01$h1830
=CAT  \\$aBATCH-UPD$b00$c20181217$lBLL01$h1641
=CAT  \\$aIPL-CLA$c20181231$lBLL01$h1555
=CAT  \\$aBATCH-UPD$b00$c20191122$lBLL01$h1903
=CAT  \\$aIPL-CLA$c20191231$lBLL01$h2042
=CAT  \\$aBATCH-UPD$b00$c20201118$lBLL01$h1337
=CAT  \\$aIPL-CLA$c20201231$lBLL01$h1533
=CAT  \\$aBATCH-UPD$b00$c20221121$lBLL01$h1350
=CAT  \\$aIPL-CLA$c20221231$lBLL01$h1453
=CFI  0\$aCurrent copyright fee: GBP37.00$c2\0$e01-jan-2023$fGBP37.00$g0$hP$5Uk
=CFI  2\$aPrevious copyright fee: GBP35.00$c2\0$e01-jan-2021$fGBP35.00$g0$hP$5Uk
=FFP  \\$aY$bBLDSS-3PM
=FIN  \\$aY$d20151126
=LKR  \\$aPAR$b007846601$lBLL01$nEcquid novi (Print)$mEcquid novi (Online)$r776
=MNI  \\$a0256-0054
=SRC  \\$aBLL02
=TOC  \\$aETOC
=ACF  \\$aPrevious copyright fee: GBP26.00$c2\0$e18-jan-2016$fGBP26.00$g0$hP$5Uk
=ACF  \\$aPrevious copyright fee: GBP28.00$c2\0$e01-jan-2017$fGBP28.00$g0$hP$5Uk
=ACF  \\$aPrevious copyright fee: GBP30.00$c2\0$e01-jan-2018$fGBP30.00$g0$hP$5Uk
=ACF  \\$aPrevious copyright fee: GBP32.00$c2\0$e01-jan-2019$fGBP32.00$g0$hP$5Uk
=ACF  \\$aPrevious copyright fee: GBP34.00$c2\0$e01-jan-2020$fGBP34.00$g0$hP$5Uk
=LAS  \\$aIPL-CLA$b00$c20221231$lBLL01$h1453

