=LDR  04080cas a2200985 a 4500
=001  017776648
=003  Uk
=005  20211231154733.0
=006  m\\\\\o\\d\\\\\\\\
=007  cr\|||||||||||
=008  110706c20129999nyumr\p\o\\\\\0\\\a0eng\\
=FMT  \\$a  SE
=010  \\$a  2011204562
=016  7\$a101581621$2DNLM
=022  \\$a2162-2531
=035  \\$a(OCoLC)739098571
=040  \\$aDLC$beng$cDLC$dSCB$dOCLCO$dNLM$dDLC$dOCLCF$dOCLCO$dCUS$dOCLCQ$dOCLCO$dOCLCQ$dOCLCO$dOCLCQ$dUk
=042  \\$aukblsr
=050  14$aQP620
=060  10$aW1
=082  00$a572.8$223
=210  0\$aMol. ther., Nucleic acids
=222  \0$aMolecular therapy. Nucleic acids
=245  00$aMolecular therapy.$pNucleic acids.
=246  1\$aNucleic acids
=260  \\$aNew York, NY :$bNature Pub. Group
=264  31$aCambridge, MA :$bCell Press
=310  \\$aMonthly
=336  \\$atext$2rdacontent
=337  \\$acomputer$2rdamedia
=338  \\$aonline resource$2rdacarrier
=362  1\$aBegan in 2012.
=550  \\$aOfficial journal of: American Society of Gene & Cell Therapy.
=588  \\$aDescription based on: Vol. 1 (Jan. 2012); title from PDF caption (publisher's Web site, viewed June 11, 2012).
=588  \\$aLatest issue consulted: volume 7 p1-10 (16 June 2017) (Molecular Therapy Family of Journals, viewed March 27, 2017).
=540  \\$aCurrent copyright fee: GBP34.30$c5\1$5Uk
=650  \0$aNucleic acids$vPeriodicals.
=650  \0$aGene therapy$vPeriodicals.
=650  \0$aMolecular genetics$vPeriodicals.
=650  12$aNucleic Acids.
=650  22$aGenetic Therapy.
=650  22$aMolecular Biology.
=650  \7$aGene therapy.$2fast$0(OCoLC)fst00939638
=650  \7$aMolecular genetics.$2fast$0(OCoLC)fst01024797
=650  \7$aNucleic acids.$2fast$0(OCoLC)fst01041070
=655  \2$aPeriodicals.
=655  \7$aPeriodicals.$2fast$0(OCoLC)fst01411641
=710  2\$aAmerican Society of Gene & Cell Therapy.
=787  1\$tMolecular therapy$x1525-0016
=856  \\$31850-9999$uhttp://www.nature.com/$xBLDSS
=856  40$uhttp://www.nature.com/mtna
=856  40$uhttp://www.ncbi.nlm.nih.gov/pmc/journals/1821/
=856  4\$uhttp://www.cell.com/molecular-therapy-family/home$zFollow links to resource
=945  \\$aMolecular therapy nucleic acids.
=979  \\$aBritish Library$bDSC$j5900.856800N
=985  \\$a3rd party access title for Remote supply please retain as base record when merging/deleting
=985  \\$aNot sure I need have created a full record, but easily derivable - new publisher needed for Cell Press - GC 28/3/17.
=CAT  \\$a5552$b40$c20160322$lBLL01$h1454
=CAT  \\$aBLDSS-3PM$b00$c20160329$lBLL01$h1140
=CAT  \\$aBATCH-UPD$b00$c20160413$lBLL01$h1830
=CAT  \\$a5552$b40$c20161007$lBLL01$h0832
=CAT  \\$aBATCH-UPD$b40$c20161012$lBLL01$h0049
=CAT  \\$a5552$b40$c20161108$lBLL01$h0932
=CAT  \\$a5552$b40$c20161201$lBLL01$h1055
=CAT  \\$aIPL-CLA$c20161231$lBLL01$h0025
=CAT  \\$aBATCH-UPD$b00$c20170104$lBLL01$h0048
=CAT  \\$a3072$b40$c20170328$lBLL01$h1150
=CAT  \\$a3072$b40$c20170328$lBLL01$h1159
=CAT  \\$aBATCH-UPD$b40$c20171121$lBLL01$h1756
=CAT  \\$aIPL-CLA$c20171231$lBLL01$h1831
=CAT  \\$aBATCH-UPD$b00$c20190521$lBLL01$h1447
=CAT  \\$aIPL-CLA$c20190630$lBLL01$h1549
=CAT  \\$aBATCH-UPD$b00$c20211119$lBLL01$h1603
=CAT  \\$aIPL-CLA$c20211231$lBLL01$h1547
=CFI  0\$aCurrent copyright fee: GBP34.30$c5\1$e01-jan-2022$fGBP34.30$g0$hP$5Uk
=CFI  2\$aPrevious copyright fee: GBP32.84$c5\1$e01-jul-2019$fGBP32.84$g0$hP$5Uk
=FFP  \\$aY$bBLDSS-3PM
=FIN  \\$aY$d20170328
=SRC  \\$aBLL02
=TOC  \\$aETOC
=ACF  \\$aPrevious copyright fee: GBP22.00$c16\0$e22-mar-2016$fGBP22.00$g0$hP$5Uk
=ACF  \\$aPrevious copyright fee: zero$c16\0$e08-nov-2016$fGBP0.00$g0$hP$5Uk
=ACF  \\$aPrevious copyright fee: GBP22.50$c5\1$e01-jan-2017$fGBP22.50$g0$hP$5Uk
=ACF  \\$aPrevious copyright fee: GBP23.40$c5\1$e01-jan-2018$fGBP23.40$g0$hP$5Uk
=LAS  \\$aIPL-CLA$b00$c20211231$lBLL01$h1547

