=LDR  03990cas a2200925 a 4500
=001  018091476
=003  Uk
=005  20211231173610.0
=006  m\\\\\o\\d\\\\\\\\
=007  cr\|||||||||||
=008  130517c20149999xxuuu\p\o\\\\\0\\\a0eng\\
=FMT  \\$a  SE
=010  \\$a  2013201266
=016  7\$a101624857$2DNLM
=022  0\$a2329-0501
=035  \\$a(OCoLC)843407547$z(OCoLC)967857662
=040  \\$aDLC$beng$cDLC$dOCLCQ$dNLM$dOCLCO$dDLC$dSTF$dOCLCO$dOCLCF$dCUS$dOCLCQ$dOCLCO$dOCLCQ$dOCLCO$dCASUM$dOCLCO$dOCLCA$erda$epn{dollar}dUk
=042  \\$aukblsr
=050  14$aQH506
=060  10$aW1
=082  00$a572.8$223
=210  0\$aMol. ther., Methods clin. dev.
=222  \0$aMolecular therapy. Methods & clinical development
=245  00$aMolecular therapy.$pMethods & clinical development.
=246  1\$aMolecular therapy. Methods and clinical development
=246  1\$aMethods & clinical development
=264  \1$aNew York, NY :$bNature Publishing Group,$c[2014]-
=264  31$aCambridge, MA :$bCell Press
=336  \\$atext$2rdacontent
=337  \\$acomputer$2rdamedia
=338  \\$aonline resource$2rdacarrier
=362  1\$aBegan with (2014) 1.
=588  \\$aDescription based on: (2014) 1; title from PDF caption (publisher's Web site, viewed Apr. 18, 2014).
=588  \\$aLatest issue consulted: vol. 5 (June 2017) (Molecular Therapy Family of Journals, viewed March 27, 2017).
=540  \\$aCurrent copyright fee: GBP34.30$c5\1$5Uk
=650  \0$aMolecular biology$vPeriodicals.
=650  12$aGenetic Therapy.
=650  22$aMolecular Biology.
=650  \7$aMolecular biology.$2fast$0(OCoLC)fst01024734
=655  \2$aPeriodicals.
=655  \7$aPeriodicals.$2fast$0(OCoLC)fst01411641
=655  \4$aFulltext.
=655  \4$aInternet Resources.
=655  \4$aPeriodicals.
=787  0\$tMolecular therapy. Methods & clinical development collections$x2399-6951
=710  2\$aAmerican Society of Gene & Cell Therapy,$eissuing body.
=856  \\$31850-9999$uhttp://www.nature.com/$xBLDSS
=856  40$uhttp://www.nature.com/mtm/
=856  40$uhttp://www.ncbi.nlm.nih.gov/pmc/journals/2616/
=856  4\$uhttp://www.cell.com/molecular-therapy-family/home$zFollow links to resource
=945  \\$aMolecular therapy methods and clinical development.
=979  \\$aBritish Library$bDSC$j5900.856600N
=985  \\$a3rd party access title for Remote supply please retain as base record when merging/deleting
=985  \\$aPlease add LKR to: 018118070 on completion.
=985  \\$aNot sure I need have created a full record, but easily derivable - new publisher needed for Cell Press - GC 28/3/17.
=CAT  \\$a5552$b40$c20161108$lBLL01$h0931
=CAT  \\$aBLDSS-3PM$b00$c20161115$lBLL01$h1529
=CAT  \\$aBATCH-UPD$b00$c20161115$lBLL01$h1532
=CAT  \\$a11205$b40$c20161125$lBLL01$h1414
=CAT  \\$a5552$b40$c20161201$lBLL01$h1056
=CAT  \\$aIPL-CLA$c20161231$lBLL01$h0026
=CAT  \\$aBATCH-UPD$b00$c20170104$lBLL01$h0048
=CAT  \\$a3072$b40$c20170327$lBLL01$h1642
=CAT  \\$a3072$b40$c20170327$lBLL01$h1653
=CAT  \\$a3072$b40$c20170328$lBLL01$h1141
=CAT  \\$aBATCH-UPD$b40$c20171121$lBLL01$h1756
=CAT  \\$aIPL-CLA$c20171231$lBLL01$h1833
=CAT  \\$aBATCH-UPD$b00$c20190521$lBLL01$h1447
=CAT  \\$aIPL-CLA$c20190630$lBLL01$h1549
=CAT  \\$aBATCH-UPD$b00$c20211119$lBLL01$h1603
=CAT  \\$aIPL-CLA$c20211231$lBLL01$h1736
=CFI  0\$aCurrent copyright fee: GBP34.30$c5\1$e01-jan-2022$fGBP34.30$g0$hP$5Uk
=CFI  2\$aPrevious copyright fee: GBP32.84$c5\1$e01-jul-2019$fGBP32.84$g0$hP$5Uk
=FFP  \\$aY$bBLDSS-3PM
=FIN  \\$aY$d20170328
=SID  \\$aZ39$bOCLC
=ACF  \\$aPrevious copyright fee: zero$c16\0$e08-nov-2016$fGBP0.00$g0$hP$5Uk
=ACF  \\$aPrevious copyright fee: GBP22.50$c5\1$e01-jan-2017$fGBP22.50$g0$hP$5Uk
=ACF  \\$aPrevious copyright fee: GBP23.40$c5\1$e01-jan-2018$fGBP23.40$g0$hP$5Uk
=LAS  \\$aIPL-CLA$b00$c20211231$lBLL01$h1736

