=LDR  05329cas a2201213 a 4500
=001  016563797
=003  Uk
=005  20230704101948.0
=006  m\\\\\o\\d\\\\\\\\
=007  cr\|||||||||||
=008  950914d19962013nyuqr\p\o\\\\\0\\\a0eng\d
=FMT  \\$a  SE
=010  \\$a  2007214830
=015  \\$aGBB3B3159$2bnb
=022  \\$a1940-5588
=030  \\$aTAMPFF
=035  \\$a(OCoLC)69023212
=040  \\$aUkCU$beng$cUkCU$dFCM-M$dOCoLC$dNSDP$dOCoLC$dViRCU$dOCoLC$dDNAL$dUk
=042  \\$ansdp$aukblsr
=050  00$aRF300$b.T74
=060  00$aW1$bTR34017
=070  0\$aRF300$b.T74
=082  04$a617.89$223
=130  0\$aTrends in amplification (Online)
=222  \0$aTrends in amplification$b(Online)
=245  10$aTrends in amplification$h[electronic resource].
=246  13$aTIA
=260  \\$aNew York :$bWoodland Publishers,$cc1996-
=264  31$a[Los Angeles] :$bSage
=300  \\$av. :$bill. ;$c28 cm.
=310  \\$aQuarterly
=336  \\$atext$2rdacontent
=337  \\$acomputer$2rdamedia
=338  \\$aonline resource$2rdacarrier
=362  0\$aVol. 1, no. 1 (1996)-v. 17, no. 2 (June 2013).
=500  \\$aTitle from cover.
=500  \\$aIssues have distinctive titles.
=588  \\$aLatest issue consulted: Vol. 17, no. 2 (June 2013) (SAGE journals, viewed December 10, 2013).
=540  \\$aCurrent copyright fee: zero$c103\0$5Uk
=650  \0$aHearing aids$vPeriodicals.
=650  \0$aCochlear implants$vPeriodicals.
=650  \0$aHearing impaired$xRehabilitation$vPeriodicals.
=650  02$aHearing Aids$vPeriodicals.
=655  \0$aElectronic journals.
=776  08$iAlso issued in print as:$tTrends in amplification$x1084-7138
=785  00$tTrends in hearing$x2331-2165
=856  \\$31850-9999$uhttp://www.sagepublications.com/$xBLDSS
=856  40$uhttp://galenet.galegroup.com/servlet/HWRC?locID=lcml_main$zTrends in amplification$zAffiliated users, call 305-243-6648
=856  40$uhttp://iiiprxy.library.miami.edu:2378/itw/infomark/738/820/52007480w5/purl=rc18_EAIM_0__Trends+in+Amplification&dyn=38!jn_s_Trends+in+Amplification?sw_aep=miami_richter
=856  40$uhttp://tia.sagepub.com/
=856  40$uhttp://tia.sagepub.com/archive/$zFull text available from Highwire Press (Free Journals): 03/01/2003 to present
=945  \\$aTrends in amplification.
=979  \\$aBritish Library$bDSC$j9049.528900
=CAT  \\$a8483$b40$c20131210$lBLL01$h1028
=CAT  \\$aBLDSS-3PM$b00$c20150522$lBLL01$h1544
=CAT  \\$aIPL-CLA$c20150630$lBLL01$h1721
=CAT  \\$aBATCH-UPD$b00$c20150820$lBLL01$h1727
=CAT  \\$aIPL-CLA$c20150930$lBLL01$h1850
=CAT  \\$aBATCH-UPD$b00$c20160217$lBLL01$h1615
=CAT  \\$aIPL-CLA$c20160331$lBLL01$h1814
=CAT  \\$aBATCH-UPD$b00$c20160413$lBLL01$h1827
=CAT  \\$aBATCH-UPD$b00$c20160524$lBLL01$h2306
=CAT  \\$aBATCH-UPD$b00$c20160525$lBLL01$h0717
=CAT  \\$aBATCH-UPD$b00$c20160824$lBLL01$h1649
=CAT  \\$aIPL-CLA$c20160930$lBLL01$h1640
=CAT  \\$a5552$b40$c20170210$lBLL01$h1407
=CAT  \\$aBATCH-UPD$b40$c20170216$lBLL01$h1738
=CAT  \\$aIPL-CLA$c20170331$lBLL01$h1918
=CAT  \\$aBATCH-UPD$b00$c20170904$lBLL01$h1736
=CAT  \\$aIPL-CLA$c20170929$lBLL01$h1803
=CAT  \\$aBATCH-UPD$b00$c20180223$lBLL01$h1538
=CAT  \\$aIPL-CLA$c20180331$lBLL01$h1707
=CAT  \\$aBATCH-UPD$b00$c20180823$lBLL01$h1856
=CAT  \\$a5552$b40$c20180910$lBLL01$h1456
=CAT  \\$a5552$b40$c20201215$lBLL01$h1149
=CAT  \\$a5552$b40$c20201215$lBLL01$h1201
=CAT  \\$aIPL-CLA$c20201231$lBLL01$h1532
=CAT  \\$aDEL-3PM$c20210112$lBLL01$h1250
=CAT  \\$a12654$b40$c20230629$lBLL01$h0908
=CAT  \\$aBLDSS-3PM$b00$c20230704$lBLL01$h1019
=CAT  \\$aBATCH-UPD$b00$c20230704$lBLL01$h1020
=CFI  0\$aCurrent copyright fee: zero$c103\0$e29-jun-2023$fGBP0.00$g0$hP$5Uk
=CFI  2\$aPrevious copyright fee: zero$c0$e01-jan-2021$fGBP0.00$g0$hZ$5Uk
=CFI  2\$aPrevious copyright fee: zero$c103\0$e10-sep-2018$fGBP0.00$g0$hP$5Uk
=FFP  \\$aY$bBLDSS-3PM
=FIN  \\$aY$d20131210
=LET  \0$aTrends in amplification (Electronic)
=LKR  \\$aPAR$b011143014$lBLL01$r776$mTrends in amplification (Online)$nTrends in amplification (Print)
=MNI  \\$a1084-7138
=SRC  \\$aBLL02
=TOC  \\$aETOC
=UNO  \\$aY
=ACF  \\$aPrevious Copyright Fee: GBP18.75$c0$e01-apr-2014$fGBP18.75$g0$hC$5Uk
=ACF  \\$aPrevious Copyright Fee: GBP20.00$c0$e01-apr-2015$fGBP20.00$g0$hC$5Uk
=ACF  \\$aPrevious Copyright Fee: GBP18.18$c0$e01-jul-2014$fGBP18.18$g0$hC$5Uk
=ACF  \\$aPrevious copyright fee: GBP23.23$c103\0$e29-apr-2015$fGBP23.23$g0$hP$5Uk
=ACF  \\$aPrevious copyright fee: GBP24.00$c103\0$e01-jul-2015$fGBP24.00$g0$hP$5Uk
=ACF  \\$aPrevious copyright fee: GBP23.23$c103\0$e01-oct-2015$fGBP23.23$g0$hP$5Uk
=ACF  \\$aPrevious copyright fee: GBP27.59$c103\0$e01-apr-2016$fGBP27.59$g0$hP$5Uk
=ACF  \\$aPrevious copyright fee: GBP29.63$c103\0$e01-oct-2016$fGBP29.63$g0$hP$5Uk
=ACF  \\$aPrevious copyright fee: GBP32.00$c103\0$e01-apr-2017$fGBP32.00$g0$hP$5Uk
=ACF  \\$aPrevious copyright fee: GBP28.57$c103\0$e01-apr-2018$fGBP28.57$g0$hP$5Uk
=ACF  \\$aPrevious copyright fee: GBP30.77$c103\0$e01-oct-2017$fGBP30.77$g0$hP$5Uk
=LAS  \\$aBATCH-UPD$b00$c20230704$lBLL01$h1020

