=LDR  02951 as a2200649 a 4500
=001  016874613
=003  Uk
=005  20201124190504.0
=006  m\\\\\o\\d\\\\\\\\
=007  cr\cn|||||||||
=008  030717c20029999ne\ar\pso\\\\\0\\\a0eng\c
=FMT  \\$a  SE
=010  \\$a  2006242107
=022  \\$a1569-2124$y1569-2116
=035  \\$a(OCoLC)52636121
=040  \\$aOUN$beng$cOUN$dOCL$dOCLCQ$dDLC$dOCLCQ$dMYG$dOCLCQ$dMUQ$dOCLCQ$dOCLCF$dOCLCO$dUk
=041  0\$aeng$afre$ager
=043  \\$aaw-----
=050  \4$aBL1060
=082  04$a291.1$222
=130  0\$aJournal of ancient Near Eastern religions (Online)
=222  \0$aJournal of Ancient Near Eastern religions$b(Online)
=245  10$aJournal of ancient Near Eastern religions$h[electronic resource].
=260  \\$aLeiden ;$aBoston :$bBrill Academic Publishers,$c2002-
=310  \\$aAnnual
=336  \\$atext$2rdacontent
=337  \\$acomputer$2rdamedia
=338  \\$aonline resource$2rdacarrier
=362  0\$aVol. 1, no. 1 (2002)-
=500  \\$aTitle from table of contents (IngentaConnect, viewed Aug. 9, 2006).
=530  \\$aAlso issued in print.
=538  \\$aMode of access: World Wide Web; may require Adobe Acrobat Reader.
=588  \\$aLatest issue consulted: Vol. 5, no. 1 (2005) (IngentaConnect, viewed Aug. 9, 2006).
=540  \\$aCurrent Copyright Fee: GBP22.00$c74\0$5Uk
=651  \0$aMiddle East$xReligion$vPeriodicals.
=650  \0$aReligion$xHistory$vPeriodicals.
=776  1\$tJournal of ancient Near Eastern religions$x1569-2116
=856  \\$31850-9999$uhttp://booksandjournals.brillonline.com/$xBLDSS
=856  4\$uhttp://firstsearch.oclc.org$zAddress for accessing the journal using authorization number and password through OCLC FirstSearch Electronic Collections Online
=856  4\$uhttp://firstsearch.oclc.org/journal=1569-2116;screen=info;ECOIP$zAddress for accessing the journal from an authorized IP address through OCLC FirstSearch Electronic Collections Online
=856  40$uhttp://openurl.ingenta.com/content?genre=journal&issn=1569-2124
=985  \\$aUpgraded by BSS-generated file for WR2011-1473
=CAT  \\$a8201$b40$c20140925$lBLL01$h1437
=CAT  \\$aBATCH-CLA$b00$c20141128$lBLL01$h0928
=CAT  \\$aIPL-CLA$c20141231$lBLL01$h1705
=CAT  \\$a12654$b40$c20190813$lBLL01$h1223
=CAT  \\$aBATCH-UPD$b40$c20190814$lBLL01$h0005
=CAT  \\$aBLDSS-3PM$b00$c20190823$lBLL01$h0916
=CAT  \\$aBATCH-UPD$b00$c20190823$lBLL01$h0920
=CAT  \\$aW2011-1473$b00$c20201124$lBLL01$h1905
=CFI  0\$aCurrent Copyright Fee: GBP22.00$c74\0$e13-aug-2019$fGBP22.00$g0$hP$5Uk
=CFI  2\$aPrevious Copyright Fee: GBP12.30$c0$e01-jan-2015$fGBP12.30$g0$hC$5Uk
=FFP  \\$aY$bBLDSS-3PM
=LKR  \\$aPAR$b005477365$lBLL01$r776$mJournal of Ancient Near Eastern religions (Online)$nJournal of ancient Near Eastern religions
=SID  \\$aZ39$bOCLC
=UNO  \\$aY
=LAS  \\$aW2011-1473$b00$c20201124$lBLL01$h1905

