=LDR  03323cas a2200769 a 4500
=001  016875900
=003  Uk
=005  20230418103926.0
=006  m\\\\\o\\d\\\\\\\\
=007  cr\cn|||||||||
=008  030718c20039999ne\uu\pso\\\\\0\\\a0eng\c
=FMT  \\$a  SE
=010  \\$a  2006242106
=022  \\$a1569-2086$y1569-2078
=035  \\$a(OCoLC)52639991
=040  \\$aOUN$beng$cOUN$dOCLCQ$dOCL$dCLU$dOCLCQ$dMYG$dOCLCQ$dMUQ$dOCLCQ$dOCLCF$dOCLCO$dUk
=042  \\$aukblsr
=043  \\$aaw-----$af------$aa------
=050  \4$aHQ1726.5
=082  04$a305.48697$223
=130  0\$aHawwa (Leiden, Netherlands : Online)
=222  \0$aHawwa$b(Leiden. Online)
=245  10$aHawwa$h[electronic resource] :$bjournal of women of the Middle East and the Islamic world.
=260  \\$a[Leiden, the Netherlands ;$aBoston] :$bBrill Academic Publishers,$c2003-
=336  \\$atext$2rdacontent
=337  \\$acomputer$2rdamedia
=338  \\$aonline resource$2rdacarrier
=362  0\$aVol. 1, no. 1 (2003)-
=500  \\$aSome issues also have individual titles.
=530  \\$aAlso issued in print.
=538  \\$aMode of access: World Wide Web.
=588  \\$aDescription based on July 18, 2003 viewing.
=588  \\$aLatest issue consulted: Vol. 4, no. 1 (2006) (IngentaConnect, viewed Aug. 9, 2006).
=540  \\$aCurrent Copyright Fee: GBP22.00$c74\0$5Uk
=650  \0$aWomen$zMiddle East$vPeriodicals.
=650  \0$aWomen$zIslamic countries$vPeriodicals.
=650  \0$aMuslim women$vPeriodicals.
=650  \0$aSex role$zMiddle East$vPeriodicals.
=650  \0$aSex role$zIslamic countries$vPeriodicals.
=650  \0$aSex role$xReligious aspects$vPeriodicals.
=776  1\$tHawwa (Leiden, Netherlands)$x1569-2078
=856  \\$31850-9999$uhttp://booksandjournals.brillonline.com/$xBLDSS
=856  4\$uhttp://firstsearch.oclc.org$zAddress for accessing the journal using authorization number and password through OCLC FirstSearch Electronic Collections Online
=856  4\$uhttp://firstsearch.oclc.org/journal=1569-2078;screen=info;ECOIP$zAddress for accessing the journal from an authorized IP address through OCLC FirstSearch Electronic Collections Online
=856  4\$uhttp://www.brill.nl/productid10263.htm$zLink no longer valid as of Aug. 9, 2006
=856  40$uhttp://openurl.ingenta.com/content?genre=journal&issn=1569-2086
=945  \\$aHawwa
=979  \\$aBritish Library$bDSC$j4274.227100N
=CAT  \\$a8201$b40$c20140929$lBLL01$h1419
=CAT  \\$a8201$b40$c20140929$lBLL01$h1449
=CAT  \\$aBATCH-CLA$b00$c20141128$lBLL01$h0929
=CAT  \\$aIPL-CLA$c20141231$lBLL01$h1705
=CAT  \\$a5552$b40$c20190124$lBLL01$h1223
=CAT  \\$aBLDSS-3PM$b00$c20190130$lBLL01$h1513
=CAT  \\$aBATCH-UPD$b00$c20190130$lBLL01$h1516
=CAT  \\$a5410$b40$c20230418$lBLL01$h1036
=CAT  \\$a5410$b40$c20230418$lBLL01$h1039
=CAT  \\$a5410$b40$c20230418$lBLL01$h1039
=CFI  0\$aCurrent copyright fee: GBP22.00$c74\0$e24-jan-2019$fGBP22.00$g0$hP$5Uk
=CFI  2\$aPrevious Copyright Fee: GBP12.30$c0$e01-jan-2015$fGBP12.30$g0$hC$5Uk
=FFP  \\$aY$bBLDSS-3PM
=LKR  \\$aPAR$b012435492$lBLL01$r776$mHawwa (Leiden. Online)$nHawwa (Leiden)
=MNI  \\$a1569-2078
=SID  \\$aZ39$bOCLC
=TOC  \\$aETOC
=UNO  \\$aY
=LAS  \\$a5410$b40$c20230418$lBLL01$h1039

