=LDR  02693 as a2200577 a 4500
=001  016881132
=003  Uk
=005  20170216134849.0
=006  m\\\\\o\\d\\\\\\\\
=007  cr\|||||||||||
=008  060630c20049999enkhr\pso\\\\\0\\\a0eng\d
=FMT  \\$a  SE
=022  \\$a1746-6113$l1460-6690$22
=035  \\$a(OCoLC)772771597
=040  \\$aQE2$beng$cQE2$dOCLCQ$dOCLCF$dUk
=050  \4$aHV11
=082  04$a361.3207155$222
=130  0\$aJournal of practice teaching in social work and health (Online)
=222  \4$aThe journal of practice teaching in social work and health$b(Online)
=245  10$aJournal of practice teaching in social work and health$h[electronic resource].
=246  3\$aJPTHSW
=246  1\$iSometimes cited as:$aJournal of practice teaching and learning
=260  \\$aLondon :$bWhiting & Birch
=310  \\$aThree issues a year
=336  \\$atext$2rdacontent
=337  \\$acomputer$2rdamedia
=338  \\$aonline resource$2rdacarrier
=362  1\$aPrint began with v. 1, no. 1 (1998).
=538  \\$aMode of access: World Wide Web.
=540  \\$aCurrent Copyright Fee: GBP10.00$c79\0$5Uk
=588  \\$aDescription based on: Vol. 5, no. 2 (2004); title from table of contents page (Ingenta, viewed Oct. 6, 2010).
=588  \\$aLatest issue consulted: Vol. 9, no. 3 (2009) (Ingenta, viewed Oct. 6, 2010).
=650  \0$aSocial work education$zGreat Britain$vPeriodicals.
=650  \0$aSocial workers$xTraining of$zGreat Britain$vPeriodicals.
=650  \0$aSocial service$zGreat Britain$xFeild work$vPeriodicals.
=776  08$iPrint version:$tJournal of practice teaching & learning$x1460-6690
=856  \\$31850-9999$uhttp://www.whitingbirch.net/$xBLDSS
=856  40$uhttp://openurl.ingenta.com/content?genre=journal&issn=1460-6690
=856  40$uhttp://qe2a-proxy.mun.ca/Login?url=http://www.swetswise.com/link/access_db?issn=1759-5150$zInternet access available to MUN users only from ALPSP Learned Journals Collection - 2011 - CRKN: 2004 to present
=945  \\$aJournal of practice teaching in social work and health.
=979  \\$aBritish Library$bDSC$j5041.825000N
=CAT  \\$a8201$b40$c20141002$lBLL01$h1154
=CAT  \\$a5552$b40$c20170216$lBLL01$h1348
=CAT  \\$aBLDSS-3PM$b00$c20170223$lBLL01$h1557
=CAT  \\$aBATCH-UPD$b00$c20170223$lBLL01$h1558
=CFI  0\$aCurrent copyright fee: GBP10.00$c79\0$e16-feb-2017$fGBP10.00$g0$hP$5Uk
=FFP  \\$aY$bBLDSS-3PM
=LKR  \\$aPAR$b007921148$lBLL01$r776$mThe journal of practice teaching in social work and health (Online)$nJournal of practice teaching in social work and health
=SID  \\$aZ39$bOCLC
=UNO  \\$aY
=LAS  \\$aBATCH-UPD$b00$c20170223$lBLL01$h1558

