=LDR  02167cas a22005417i 4500
=001  017018561
=003  Uk
=005  20220728065002.0
=006  m\\\\\\\\d\|\\\\\\
=007  cr||||||||||||
=008  150120d18111856enk\x\p\o\\\\\0\\\a0eng\\
=FMT  \\$a  SE
=022  0\$a2058-1041$202
=040  \\$aUk$beng$cUk$erda
=042  \\$aissnuk
=222  \0$aTransactions of the Geological Society$b(London. Online)
=245  00$aTransactions of the Geological Society.
=246  1\$iMinor title change:$aTransactions of the Geological Society of London,$f1829-1856
=260  \\$aLondon :$bThe Society
=336  \\$atext$2rdacontent
=337  \\$acomputer$2rdamedia
=338  \\$aonline resource$2rdacarrier
=588  \\$aDescription based on print version record.
=588  \\$aLatest issue consulted: volume 7 (1845) (Lyell Collection, viewed January 20, 2015).
=540  \\$aCurrent copyright fee: GBP25.00$c113\0$5Uk
=710  2\$aGeological Society of London.
=776  08$iAlso issued in print as:$tTransactions of the Geological Society$x2042-5295
=856  \\$31850-9999$uhttps://www.geolsoc.org.uk/publications$xBLDSS
=856  40$uhttp://trn.lyellcollection.org/content/by/year
=856  4\$uhttps://www.lyellcollection.org/journal/trn$zTo subscribe
=945  \\$aTRANSACTIONS- GEOLOGICAL SOCIETY -LONDON-.
=979  \\$aBritish Library$bDSC$j8932.880000
=985  \\$aISSN RECORD FOR DIGITAL REPRODUCTION.
=CAT  \\$a11316$b40$c20150120$lBLL01$h1427
=CAT  \\$a5552$b40$c20150507$lBLL01$h1339
=CAT  \\$aBLDSS-3PM$b00$c20150522$lBLL01$h1544
=CAT  \\$aBATCH-UPD$b00$c20160413$lBLL01$h1828
=CAT  \\$a5552$b40$c20170213$lBLL01$h1132
=CAT  \\$a5410$b40$c20170224$lBLL01$h0840
=CAT  \\$aBATCH-UPD$b40$c20190829$lBLL01$h1458
=CAT  \\$aIPL-CLA$c20190930$lBLL01$h1654
=CAT  \\$a10973$b40$c20220728$lBLL01$h0650
=CFI  0\$aCurrent copyright fee: GBP25.00$c113\0$e01-oct-2019$fGBP25.00$g0$hP$5Uk
=CFI  2\$aPrevious Copyright Fee: GBP20.00$c113\0$e07-may-2015$fGBP20.00$g0$hP$5Uk
=FFP  \\$aY$bBLDSS-3PM
=FIN  \\$aY$d20150120
=UNO  \\$aY
=LAS  \\$a10973$b40$c20220728$lBLL01$h0650

