=LDR  02410cas a22005897i 4500
=001  017018595
=003  Uk
=005  20220728063816.0
=006  m\\\\\\\\d\|\\\\\\
=007  cr||||||||||||
=008  150120d18451971enkqr\p\o\\\\\0\\\a0eng\\
=FMT  \\$a  SE
=022  0\$a2058-105X$202
=040  \\$aUk$beng$cUk$erda
=042  \\$aissnuk
=210  0\$aQ. j. Geol. Soc. Lond.$b(Online)
=222  \0$aQuarterly journal of the Geological Society of London$b(Online)
=245  04$aThe quarterly journal of the Geological Society of London.
=264  \1$aLondon :$bGeological Society of London
=310  \\$aQuarterly
=336  \\$atext$2rdacontent
=337  \\$acomputer$2rdamedia
=338  \\$aonline resource$2rdacarrier
=588  \\$aDescription based on print version record.
=588  \\$aLatest issue consulted: volume 126, number 1/4 (February 1970) (Lyell Collection, viewed January 20, 2015).
=540  \\$aCurrent copyright fee: GBP25.00$c113\0$5Uk
=710  2\$aGeological Society of London.
=776  08$iAlso issued in print as:$tQuarterly journal of the Geological Society of London$x0370-291X
=780  00$tProceedings of the Geological Society of London (1826)
=785  01$tProceedings of the Geological Society of London (1952)
=785  00$tJournal of the Geological Society$x2041-479X
=856  \\$31850-9999$uhttps://www.geolsoc.org.uk/publications$xBLDSS
=856  40$uhttp://jgslegacy.lyellcollection.org/content/by/year
=856  40$uhttps://www.lyellcollection.org/journal/jgs$zTo search
=945  \\$aQuarterly journal- Geological Society of London.
=979  \\$aBritish Library$bDSC$j7184.000000
=985  \\$aISSN RECORD FOR DIGITAL REPRODUCTION.
=CAT  \\$a11316$b40$c20150120$lBLL01$h1456
=CAT  \\$a5552$b40$c20150506$lBLL01$h1610
=CAT  \\$aBLDSS-3PM$b00$c20150522$lBLL01$h1544
=CAT  \\$aBATCH-UPD$b00$c20160413$lBLL01$h1828
=CAT  \\$a5552$b40$c20170215$lBLL01$h1423
=CAT  \\$aBATCH-UPD$b40$c20190829$lBLL01$h1458
=CAT  \\$aIPL-CLA$c20190930$lBLL01$h1654
=CAT  \\$a10973$b40$c20220728$lBLL01$h0638
=CFI  0\$aCurrent copyright fee: GBP25.00$c113\0$e01-oct-2019$fGBP25.00$g0$hP$5Uk
=CFI  2\$aPrevious Copyright Fee: GBP20.00$c113\0$e06-may-2015$fGBP20.00$g0$hP$5Uk
=FFP  \\$aY$bBLDSS-3PM
=FIN  \\$aY$d20150120
=TOC  \\$aETOC
=UNO  \\$aY
=LAS  \\$a10973$b40$c20220728$lBLL01$h0638

