=LDR  03502cas a22008177a 4500
=001  013619733
=003  Uk
=005  20230930080905.0
=006  m\\\\\\\\d\|\\\\\\
=007  cr||||||||||||
=008  061206d20072011enkqr\p\s\\\\\0\\\a0eng\\
=FMT  \\$a  SE
=022  0\$a1753-304X$202
=040  \\$aUk$beng$cUk$dUk
=042  \\$aissnuk
=082  04$a353.605$222
=222  \0$aJournal of management and marketing in healthcare$b(Online)
=245  00$aJournal of management and marketing in healthcare$h[electronic resource].
=260  \\$aLondon :$bHenry Stewart Publications,$c-2011
=260  3\$3-2011$aLondon :$bManey
=336  \\$atext$2rdacontent
=337  \\$acomputer$2rdamedia
=338  \\$aonline resource$2rdacarrier
=540  \\$aCurrent copyright fee: GBP46.00$c2\0$5Uk
=776  0\$tJournal of management and marketing in healthcare$c(Print)$x1753-3031
=785  00$tInternational journal of healthcare management$c(Online)$x2047-9719
=856  \\$31850-9999$uhttp://maneypublishing.com/$xBLDSS
=856  40$uhttp://www.henrystewart.com/jmmh/index.html$zLink no longer valid
=856  40$uhttp://www.ingentaconnect.com/content/maney/mmh
=945  \\$aJournal of management and marketing in healthcare.
=979  \\$aBritish Library$bDSC$j5011.203000
=CAT  \\$a11439$b40$c20061206$lBLL01$h0956
=CAT  \\$aBATCH$b00$c20100401$lBLL01$h1634
=CAT  \\$a5552$b40$c20110401$lBLL01$h1106
=CAT  \\$a5552$b40$c20111214$lBLL01$h1338
=CAT  \\$aIPL-CLA$c20111230$lBLL01$h2026
=CAT  \\$a5552$b40$c20120402$lBLL01$h1324
=CAT  \\$a10806$b40$c20120419$lBLL01$h1432
=CAT  \\$a10806$b40$c20120419$lBLL01$h1435
=CAT  \\$aIPL-CLA$c20120629$lBLL01$h1036
=CAT  \\$aBLDSS-3PM$b00$c20141208$lBLL01$h1625
=CAT  \\$aBATCH-UPD$b00$c20151119$lBLL01$h1603
=CAT  \\$aIPL-CLA$c20151231$lBLL01$h1925
=CAT  \\$aBATCH-UPD$b00$c20160413$lBLL01$h1821
=CAT  \\$aBATCH-UPD$b00$c20161122$lBLL01$h1542
=CAT  \\$aBATCH-UPD$b00$c20161122$lBLL01$h1818
=CAT  \\$aIPL-CLA$c20161230$lBLL01$h2207
=CAT  \\$a5552$b40$c20170418$lBLL01$h1412
=CAT  \\$a5552$b40$c20190115$lBLL01$h0834
=CAT  \\$aBATCH-UPD$b40$c20191122$lBLL01$h1919
=CAT  \\$aIPL-CLA$c20191231$lBLL01$h1943
=CAT  \\$aBATCH-UPD$b00$c20201118$lBLL01$h1353
=CAT  \\$aIPL-CLA$c20201231$lBLL01$h1530
=CAT  \\$aBATCH-UPD$b00$c20221121$lBLL01$h1428
=CAT  \\$aIPL-CLA$c20221231$lBLL01$h1448
=CAT  \\$aR2308-1440$c20230824$lBLL01$h0928
=CAT  \\$aIPL-CLA$c20230930$lBLL01$h0809
=CFI  0\$aCurrent copyright fee: GBP46.00$c2\0$e01-oct-2023$fGBP46.00$g0$hP$5Uk
=CFI  2\$aPrevious copyright fee: GBP46.00$c47\0$e01-jan-2023$fGBP46.00$g0$hP$5Uk
=FFP  \\$aY$bBLDSS-3PM
=FIN  \\$aY$d20080603
=TCO  \\$aCLA$bCLA$c008
=TOC  \\$aETOC
=ACF  \\$aPrevious Copyright Fee: GBP18.00$c47\0$e01-jan-2012$fGBP18.00$g0$hP$5Uk
=ACF  \\$aPrevious copyright fee: GBP25.00$c47\0$e01-jul-2012$fGBP25.00$g0$hP$5Uk
=ACF  \\$aPrevious copyright fee: GBP28.00$c47\0$e01-jan-2017$fGBP28.00$g0$hP$5Uk
=ACF  \\$aPrevious copyright fee: GBP26.00$c47\0$e01-jan-2016$fGBP26.00$g0$hP$5Uk
=ACF  \\$aPrevious copyright fee: GBP40.00$c47\0$e15-jan-2019$fGBP40.00$g0$hP$5Uk
=ACF  \\$aPrevious copyright fee: GBP42.00$c47\0$e01-jan-2020$fGBP42.00$g0$hP$5Uk
=ACF  \\$aPrevious copyright fee: GBP44.00$c47\0$e01-jan-2021$fGBP44.00$g0$hP$5Uk
=LAS  \\$aIPL-CLA$b00$c20230930$lBLL01$h0809

