=LDR  05991cas a2201261 a 4500
=001  015444528
=003  Uk
=005  20230930080950.0
=006  m\\\\\\\\d\|\\\\\\
=007  cr\nn|nnnauuau
=008  030214c19979999cc\qr\p\o\\\\\0\\\e0chi\d
=FMT  \\$a  SE
=022  \\$y1007-8568
=035  \\$a(OCoLC)51646411
=040  \\$aHUA$beng$cHUA$dOCLCQ$dOCLCS$dOCLCQ$dOCLCF$dUk
=042  \\$aukblsr
=050  \4$aRC700.M53$bW45
=082  04$a612.135$223
=130  0\$6880-01$aZhongguo wei xun huan (Online)
=245  10$6880-02$aZhongguo wei xun huan$h[electronic resource].
=246  3\$aZhongguo weixunhuan
=246  1\$iEnglish title:$aJournal of Chinese microcirculation
=260  \\$6880-03$aBeijing :$bZhongguo xue shu qi kan (guang pan ban) dian zi za zhi she,$c1997-
=310  \\$6880-04$aQuarterly
=336  \\$atext$2rdacontent
=337  \\$acomputer$2rdamedia
=338  \\$aonline resource$2rdacarrier
=362  0\$aVol. 1, no. 1 (1997)-
=516  \\$aIn HTML and PDF format.
=515  \\$6880-05$aVol. 1, no. 1 also called 1997 no. 3.
=538  \\$aMode of access: World Wide Web.
=550  \\$6880-06$aSponsored by: Jiangsu Sheng wei xun huan xue lin chuang ying yong shi yan pei xun zhong xin.
=588  \\$aDescription based on: China Journal Net version.
=540  \\$aCurrent copyright fee: GBP24.17$c44\0$5Uk
=650  \0$aMicrocirculation$vPeriodicals.
=650  \0$aHemodynamics$vPeriodicals.
=650  \0$aBlood$xCirculation$vPeriodicals.
=710  2\$6880-07$aJiangsu Sheng wei xun huan xue lin chuang ying yong shi yan pei xun zhong xin.
=773  0\$6880-08$tZhongguo qi kan wang.
=780  00$6880-09$tWei xun huan ji shu za zhi (Online)
=880  0\$6130-01$a中國微循環 (Online)
=880  10$6245-02$a中國微循環$h[電子資源].
=880  \\$6260-03$a北京 :$b中國學術期刊 (光盤版) 電子雜誌社,$c1997-
=880  \\$6310-04$a季刊.
=880  \\$6515-05$a第1卷第1期亦稱1997年第3期.
=880  \\$6550-06$a主辦: 江蘇省微循環學臨床應用實驗培訓中心.
=880  2\$6710-07$a江蘇省微循環學臨床應用實驗培訓中心.
=880  0\$6773-08$t中國期刊網.
=880  00$6780-09$t微循環技術雜誌 (Online)
=856  \\$31850-9999$uhttp://www.oriprobe.com/$xBLDSS
=856  40$uhttp://cjn.lib.hku.hk$zClick to start searching via China Journal Net
=856  40$uhttp://www.ceps.com.tw/ec/ecJnlIntro.aspx?Jnliid=1820
=945  \\$aZhongguo weixunhuan
=979  \\$aBritish Library$bDSC$j9512.825274N
=CAT  \\$a11433$b40$c20091210$lBLL01$h1110
=CAT  \\$aIPL-CLA$c20160930$lBLL01$h1627
=CAT  \\$aBATCH-UPD$b00$c20170216$lBLL01$h2003
=CAT  \\$aIPL-CLA$c20170331$lBLL01$h1905
=CAT  \\$aBATCH-UPD$b00$c20170904$lBLL01$h2034
=CAT  \\$aIPL-CLA$c20170929$lBLL01$h1751
=CAT  \\$aBATCH-UPD$b00$c20180223$lBLL01$h1933
=CAT  \\$aIPL-CLA$c20180331$lBLL01$h1646
=CAT  \\$aBATCH-UPD$b00$c20180823$lBLL01$h1958
=CAT  \\$aIPL-CLA$c20180930$lBLL01$h1511
=CAT  \\$aBATCH-UPD$b00$c20190829$lBLL01$h1559
=CAT  \\$aIPL-CLA$c20190930$lBLL01$h1647
=CAT  \\$aBATCH-UPD$b00$c20200219$lBLL01$h1547
=CAT  \\$aIPL-CLA$c20200331$lBLL01$h1624
=CAT  \\$aBATCH-UPD$b00$c20200522$lBLL01$h1523
=CAT  \\$aIPL-CLA$c20200701$lBLL01$h0108
=CAT  \\$aBATCH-UPD$b00$c20210226$lBLL01$h1106
=CAT  \\$aIPL-CLA$c20210331$lBLL01$h1701
=CAT  \\$aBATCH-UPD$b00$c20210707$lBLL01$h1629
=CAT  \\$aIPL-CLA$c20210707$lBLL01$h1844
=CAT  \\$aBATCH-UPD$b00$c20220520$lBLL01$h1710
=CAT  \\$aIPL-CLA$c20220630$lBLL01$h1538
=CAT  \\$aBATCH-UPD$b00$c20220824$lBLL01$h0932
=CAT  \\$aIPL-CLA$c20220930$lBLL01$h1428
=CAT  \\$aBATCH-UPD$b00$c20230824$lBLL01$h1116
=CAT  \\$aIPL-CLA$c20230930$lBLL01$h0809
=CFI  0\$aCurrent copyright fee: GBP24.17$c44\0$e01-oct-2023$fGBP24.17$g0$hP$5Uk
=CFI  2\$aPrevious copyright fee: GBP20.83$c44\0$e01-oct-2022$fGBP20.83$g0$hP$5Uk
=FFP  \\$aY$bBLDSS-3PM
=SID  \\$aZ39$bOCLC
=TCO  \\$aZZZ$c008
=TOC  \\$aETOC
=ACF  \\$aPrevious copyright fee: GBP6.00$c44\0$e20-may-2009$fGBP6.00$g0$hP$5Uk
=ACF  \\$aPrevious copyright fee: GBP9.00$c44\0$e01-apr-2010$fGBP9.00$g0$hP$5Uk
=ACF  \\$aPrevious copyright fee: GBP9.70$c44\0$e01-jul-2012$fGBP9.70$g0$hP$5Uk
=ACF  \\$aPrevious copyright fee: GBP10.32$c44\0$e01-jul-2013$fGBP10.32$g0$hP$5Uk
=ACF  \\$aPrevious copyright fee: GBP10.00$c44\0$e01-jan-2013$fGBP10.00$g0$hP$5Uk
=ACF  \\$aPrevious copyright fee: GBP14.55$c44\0$e14-nov-2014$fGBP14.55$g0$hP$5Uk
=ACF  \\$aPrevious copyright fee: GBP15.48$c44\0$e01-apr-2015$fGBP15.48$g0$hP$5Uk
=ACF  \\$aPrevious copyright fee: GBP16.00$c44\0$e01-jul-2015$fGBP16.00$g0$hP$5Uk
=ACF  \\$aPrevious copyright fee: GBP16.13$c44\0$e01-oct-2015$fGBP16.13$g0$hP$5Uk
=ACF  \\$aPrevious copyright fee: GBP17.24$c44\0$e01-apr-2016$fGBP17.24$g0$hP$5Uk
=ACF  \\$aPrevious copyright fee: GBP18.52$c44\0$e01-oct-2016$fGBP18.52$g0$hP$5Uk
=ACF  \\$aPrevious copyright fee: GBP20.00$c44\0$e01-apr-2017$fGBP20.00$g0$hP$5Uk
=ACF  \\$aPrevious copyright fee: GBP19.23$c44\0$e01-oct-2017$fGBP19.23$g0$hP$5Uk
=ACF  \\$aPrevious copyright fee: GBP17.86$c44\0$e01-apr-2018$fGBP17.86$g0$hP$5Uk
=ACF  \\$aPrevious copyright fee: GBP19.23$c44\0$e01-oct-2018$fGBP19.23$g0$hP$5Uk
=ACF  \\$aPrevious copyright fee: GBP20.00$c44\0$e01-oct-2019$fGBP20.00$g0$hP$5Uk
=ACF  \\$aPrevious copyright fee: GBP19.23$c44\0$e01-apr-2020$fGBP19.23$g0$hP$5Uk
=ACF  \\$aPrevious copyright fee: GBP20.00$c44\0$e01-jul-2020$fGBP20.00$g0$hP$5Uk
=ACF  \\$aPrevious copyright fee: GBP18.52$c44\0$e01-apr-2021$fGBP18.52$g0$hP$5Uk
=ACF  \\$aPrevious copyright fee: GBP17.86$c44\0$e07-jul-2021$fGBP17.86$g0$hP$5Uk
=ACF  \\$aPrevious copyright fee: GBP20.00$c44\0$e01-jul-2022$fGBP20.00$g0$hP$5Uk
=LAS  \\$aIPL-CLA$b00$c20230930$lBLL01$h0809

