=LDR  05599cas a2201201 a 4500
=001  015491474
=003  Uk
=005  20230930080953.0
=006  m\\\\\o\\d\s\\\\\\
=007  cr\un|||||||||
=008  070717c20019999cc\br\pso\\\\s0\\\e0chi\d
=FMT  \\$a  SE
=022  \\$y1672-3619
=035  \\$a(OCoLC)156445402
=040  \\$aOCLCS$beng$cOCLCS$dOCLCS$dOCLCQ$dUk
=041  0\$achi$aeng$beng$feng
=042  \\$aukblsr
=060  \4$aW1$bRE1B
=082  04$a616.9883$223
=130  0\$aRe dai yi xue za zhi (Online)
=245  10$aRe dai yi xue za zhi$h[electronic resource] =$bJournal of tropical medicine.
=246  3\$aRedai yixue zazhi
=246  31$aJournal of tropical medicine
=260  \\$aGuangzhou shi :$bRe dai yi xue za zhi bian ji bu
=310  \\$aBimonthly,$b<2004>-
=321  \\$aQuarterly
=336  \\$atext$2rdacontent
=337  \\$acomputer$2rdamedia
=338  \\$aonline resource$2rdacarrier
=362  1\$aPrint began with Di 1 juan di 1 qi (2001 nian)- = v. 1, no. 1 (2001).
=516  \\$aIn HTML and PDF format.
=515  \\$aDi 1 juan di 1 qi also called Chuang kan kao.
=530  \\$aAlso issued in print.
=538  \\$aMode of access: World Wide Web.
=546  \\$aSome articles in English; table of contents and abstracts also in English.
=550  \\$aSponsored by: Guangdong Sheng ji sheng chong xue hui.
=588  \\$aDescription based on print version record.
=540  \\$aCurrent copyright fee: GBP24.17$c44\0$5Uk
=650  \0$aTropical medicine$vPeriodicals.
=650  \0$aEnvironmental health$vPeriodicals.
=650  \0$aParasitic diseases.
=710  2\$aGuangdong Sheng ji sheng chong xue hui.
=776  1\$tRe dai yi xue za zhi$x1672-3619
=856  \\$31850-9999$uhttp://www.oriprobe.com/$xBLDSS
=856  40$uhttp://www.ceps.com.tw/ec/ecJnlIntro.aspx?Jnliid=2654
=856  40$uhttp://www.wanfangdata.com/COJ/browse.asp$zSubscribers only: available in BL Reading Rooms. Also available for BL Document Supply Service.
=945  \\$aRedai yixue zazhi
=979  \\$aBritish Library$bDSC$j7331.266695N
=985  \\$aUpgraded by BSS-generated file for WR2011-1473
=CAT  \\$a11433$b40$c20100218$lBLL01$h1349
=CAT  \\$aBATCH-UPD$b00$c20170216$lBLL01$h2003
=CAT  \\$aIPL-CLA$c20170331$lBLL01$h1905
=CAT  \\$aBATCH-UPD$b00$c20170904$lBLL01$h2034
=CAT  \\$aIPL-CLA$c20170929$lBLL01$h1751
=CAT  \\$aBATCH-UPD$b00$c20180223$lBLL01$h1933
=CAT  \\$aIPL-CLA$c20180331$lBLL01$h1647
=CAT  \\$aBATCH-UPD$b00$c20180823$lBLL01$h1958
=CAT  \\$aIPL-CLA$c20180930$lBLL01$h1511
=CAT  \\$aBATCH-UPD$b00$c20190829$lBLL01$h1559
=CAT  \\$aIPL-CLA$c20190930$lBLL01$h1647
=CAT  \\$aBATCH-UPD$b00$c20200219$lBLL01$h1547
=CAT  \\$aIPL-CLA$c20200331$lBLL01$h1625
=CAT  \\$aBATCH-UPD$b00$c20200522$lBLL01$h1523
=CAT  \\$aIPL-CLA$c20200701$lBLL01$h0108
=CAT  \\$aW2011-1473$b00$c20201124$lBLL01$h1903
=CAT  \\$aBATCH-UPD$b00$c20210226$lBLL01$h1106
=CAT  \\$aIPL-CLA$c20210331$lBLL01$h1701
=CAT  \\$aBATCH-UPD$b00$c20210707$lBLL01$h1629
=CAT  \\$aIPL-CLA$c20210707$lBLL01$h1844
=CAT  \\$aBATCH-UPD$b00$c20220520$lBLL01$h1710
=CAT  \\$aIPL-CLA$c20220630$lBLL01$h1538
=CAT  \\$aBATCH-UPD$b00$c20220824$lBLL01$h0932
=CAT  \\$aIPL-CLA$c20220930$lBLL01$h1428
=CAT  \\$aBATCH-UPD$b00$c20230824$lBLL01$h1116
=CAT  \\$aIPL-CLA$c20230930$lBLL01$h0809
=CFI  0\$aCurrent copyright fee: GBP24.17$c44\0$e01-oct-2023$fGBP24.17$g0$hP$5Uk
=CFI  2\$aPrevious copyright fee: GBP20.83$c44\0$e01-oct-2022$fGBP20.83$g0$hP$5Uk
=FFP  \\$aY$bBLDSS-3PM
=SID  \\$aZ39$bOCLC
=TCO  \\$aZZZ$c008
=TOC  \\$aETOC
=ACF  \\$aPrevious copyright fee: GBP6.00$c44\0$e20-may-2009$fGBP6.00$g0$hP$5Uk
=ACF  \\$aPrevious copyright fee: GBP9.00$c44\0$e21-may-2012$fGBP9.00$g0$hP$5Uk
=ACF  \\$aPrevious copyright fee: GBP9.70$c44\0$e01-jul-2012$fGBP9.70$g0$hP$5Uk
=ACF  \\$aPrevious copyright fee: GBP10.32$c44\0$e01-jul-2013$fGBP10.32$g0$hP$5Uk
=ACF  \\$aPrevious copyright fee: GBP10.00$c44\0$e01-jan-2013$fGBP10.00$g0$hP$5Uk
=ACF  \\$aPrevious copyright fee: GBP14.55$c44\0$e14-nov-2014$fGBP14.55$g0$hP$5Uk
=ACF  \\$aPrevious copyright fee: GBP15.48$c44\0$e01-apr-2015$fGBP15.48$g0$hP$5Uk
=ACF  \\$aPrevious copyright fee: GBP16.00$c44\0$e01-jul-2015$fGBP16.00$g0$hP$5Uk
=ACF  \\$aPrevious copyright fee: GBP16.13$c44\0$e01-oct-2015$fGBP16.13$g0$hP$5Uk
=ACF  \\$aPrevious copyright fee: GBP17.24$c44\0$e01-apr-2016$fGBP17.24$g0$hP$5Uk
=ACF  \\$aPrevious copyright fee: GBP18.52$c44\0$e01-oct-2016$fGBP18.52$g0$hP$5Uk
=ACF  \\$aPrevious copyright fee: GBP20.00$c44\0$e01-apr-2017$fGBP20.00$g0$hP$5Uk
=ACF  \\$aPrevious copyright fee: GBP19.23$c44\0$e01-oct-2017$fGBP19.23$g0$hP$5Uk
=ACF  \\$aPrevious copyright fee: GBP17.86$c44\0$e01-apr-2018$fGBP17.86$g0$hP$5Uk
=ACF  \\$aPrevious copyright fee: GBP19.23$c44\0$e01-oct-2018$fGBP19.23$g0$hP$5Uk
=ACF  \\$aPrevious copyright fee: GBP20.00$c44\0$e01-oct-2019$fGBP20.00$g0$hP$5Uk
=ACF  \\$aPrevious copyright fee: GBP19.23$c44\0$e01-apr-2020$fGBP19.23$g0$hP$5Uk
=ACF  \\$aPrevious copyright fee: GBP20.00$c44\0$e01-jul-2020$fGBP20.00$g0$hP$5Uk
=ACF  \\$aPrevious copyright fee: GBP18.52$c44\0$e01-apr-2021$fGBP18.52$g0$hP$5Uk
=ACF  \\$aPrevious copyright fee: GBP17.86$c44\0$e07-jul-2021$fGBP17.86$g0$hP$5Uk
=ACF  \\$aPrevious copyright fee: GBP20.00$c44\0$e01-jul-2022$fGBP20.00$g0$hP$5Uk
=LAS  \\$aIPL-CLA$b00$c20230930$lBLL01$h0809

