=LDR  02559 as a2200673 a 4500
=001  015553162
=003  Uk
=005  20150317132716.0
=006  m\\\\\o\\d\\\\\\\\
=007  cr\|||||||||||
=008  080822c20099999mauqr\p\o\\\\\0\\\a0eng\c
=010  \\$a  2008202050
=022  0\$a1943-6068$21
=035  \\$a(OCoLC)244286835
=040  \\$aNSD$beng$cNSD$dMYG$dHEBIS$dDEBBG$dDLC$dOCLCQ$dOCLCF$dUk
=042  \\$aukblsr
=050  \4$aP96$b.M4
=050  10$aISSN RECORD
=082  04$a302.23$223
=222  \0$aInternational journal of learning and media
=245  00$aInternational journal of learning and media$h[electronic resource].
=246  13$aIJLM
=260  \\$aCambridge, MA :$bMIT Press
=310  \\$aQuarterly
=336  \\$atext$2rdacontent
=337  \\$acomputer$2rdamedia
=338  \\$aonline resource$2rdacarrier
=362  1\$aBegan with: Vol. 1, no. 1 (winter 2009).
=516  \\$aPDF format
=538  \\$aMode of access: Internet
=540  \\$aCurrent Copyright Fee: GBP12.00$c87\0$5Uk
=588  \\$aDescription based on: Vol. 1, no. 1 (winter 2009); title from journal contents page (MIT Press, viewed July 30, 2009).
=588  \\$aLatest issue consulted: Vol. 1, no. 2 (spring 2009) (MIT Press, viewed July 30, 2009).
=590  \\$aRoute ALL FAILED DSC requests to Records Team
=650  \0$aMedia literacy$vPeriodicals.
=650  \0$aMass media in education$vPeriodicals.
=650  \0$aEducational technology$vPeriodicals.
=856  \\$31850-9999$uhttp://www.mitpressjournals.org/$xBLDSS
=856  40$uhttp://mitpress.mit.edu/catalog/browse/browse.asp?btype=6&serid=170&xid=13&xcid=10310
=856  40$uhttp://www.mitpressjournals.org/loi/ijlm$zonly partial access to articles
=945  \\$aInternational Journal of Learning and Media
=979  \\$aBritish Library$bDSC$j4542.314680N
=CAT  \\$a11450$b40$c20100514$lBLL01$h0842
=CAT  \\$a11450$b40$c20100514$lBLL01$h0845
=CAT  \\$a5552$b40$c20130517$lBLL01$h0924
=CAT  \\$a8201$b40$c20141009$lBLL01$h1141
=CAT  \\$aBLDSS-3PM$b00$c20150131$lBLL01$h2314
=CAT  \\$a8874$b40$c20150317$lBLL01$h1327
=CAT  \\$aBATCH-UPD$b40$c20160413$lBLL01$h1824
=CAT  \\$aBATCH-UPD$b40$c20160524$lBLL01$h2301
=CAT  \\$aBATCH-UPD$b40$c20160525$lBLL01$h0654
=CFI  0\$aCurrent Copyright Fee: GBP12.00$c87\0$e17-may-2013$fGBP12.00$g0$hP$5Uk
=FFP  \\$aY$bBLDSS-3PM
=FMT  \\$a  SE
=LAS  \\$aBATCH-UPD$b40$c20160525$lBLL01$h0654
=SID  \\$aZ39$bOCLC
=TCO  \\$aCLA$bCLA$c008
=TOC  \\$aETOC
=UNO  \\$aY

