=LDR  02269 as a22006017a 4500
=001  015871096
=003  Uk
=005  20210126121518.0
=006  m\\\\\\\\d\|\\\\\\
=007  cr||||||||||||
=008  110818c19939999enkqx\p\s\\\\\0\\\a0eng\\
=022  0\$a2047-8992$202
=040  \\$aUk$beng$cUk
=042  \\$aissnuk
=210  0\$aNurse res.$b(Online)
=222  \0$aNurse researcher$b(Online)
=245  00$aNurse researcher$h[electronic resource].
=260  \\$aHarrow-on-the-Hill :$bRCN Publishing
=310  \\$aFour issues yearly
=336  \\$atext$2rdacontent
=337  \\$acomputer$2rdamedia
=338  \\$aonline resource$2rdacarrier
=540  \\$aCurrent copyright fee: GBP25.00$c75\0$5Uk
=776  0\$tNurse researcher$x1351-5578
=856  \\$31850-9999$uhttp://rcnpublishing.com/$xBLDSS
=856  40$uhttps://journals.rcni.com/nurse-researcher
=856  40$uhttp://nurseresearcher.rcnpublishing.co.uk/$zTo subscribe
=945  \\$aNurse researcher.
=979  \\$aBritish Library$bDSC$j6187.028730
=985  \\$aISSN description based on: Vol. 10, issue 1 (Oct. 2002); title from cover of table of contents page (publisher's Web site, viewed Aug. 18, 2011).
=ACF  \\$aPrevious copyright fee: GBP15.00$c75\0$e31-oct-2012$fGBP15.00$g0$hP$5Uk
=CAT  \\$a11316$b40$c20110818$lBLL01$h0945
=CAT  \\$a11316$b40$c20110818$lBLL01$h0946
=CAT  \\$a5552$b40$c20121031$lBLL01$h1113
=CAT  \\$aBATCH-UPD$b40$c20131119$lBLL01$h2304
=CAT  \\$aIPL-CLA$c20140101$lBLL01$h0150
=CAT  \\$a5552$b40$c20140708$lBLL01$h0915
=CAT  \\$aIPL-CLA$c20140930$lBLL01$h1637
=CAT  \\$aBLDSS-3PM$b00$c20150131$lBLL01$h2314
=CAT  \\$aBATCH-UPD$b00$c20160413$lBLL01$h1825
=CAT  \\$aBATCH-UPD$b00$c20160524$lBLL01$h2301
=CAT  \\$aBATCH-UPD$b00$c20160525$lBLL01$h0655
=CAT  \\$a5552$b40$c20170322$lBLL01$h0842
=CAT  \\$a8483$b40$c20210126$lBLL01$h1215
=CFI  0\$aCurrent copyright fee: GBP25.00$c75\0$e01-oct-2014$fGBP25.00$g0$hP$5Uk
=CFI  2\$aPrevious copyright fee: GBP20.00$c75\0$e01-jan-2014$fGBP20.00$g0$hP$5Uk
=FFP  \\$aY$bBLDSS-3PM
=FIN  \\$aY$d20110818
=FMT  \\$a  SE
=LAS  \\$a8483$b40$c20210126$lBLL01$h1215
=TCO  \\$aCLA$bCLA$c008
=TOC  \\$aETOC
=UNO  \\$aY

