=LDR  03469 as a2200757 a 4500
=001  016066916
=003  Uk
=005  20140923114209.0
=006  m\\\\\o\\d\\\\\\\\
=007  cr\cnu||||||||
=008  040114d19982000nyutx\pso\\\\\0\\\a0eng\c
=FMT  \\$a  SE
=010  \\$a  2006213310
=022  0\$a1931-1435$l1931-1435$21
=035  \\$a(OCoLC)54026401$z(OCoLC)60648879
=040  \\$aFHM$beng$cFHM$dOCLCQ$dNSD$dOCLCQ$dOCLCS$dSERSO$dKSU$dOCLCQ$dOCLCF$dUk
=042  \\$aukblsr
=050  10$aISSN RECORD
=050  14$aQA76.76.H94$bS53
=082  04$a005.759$223
=222  \0$aACM SIGWEB newsletter
=245  00$aACM SIGWEB newsletter$h[electronic resource].
=246  30$aSIGWEB newsletter
=246  13$aACM SIGWEB
=246  13$aSIGWEB
=260  \\$a[New York, N.Y.] :$bAssociation for Computing Machinery,$c1998-2000.
=336  \\$atext$2rdacontent
=337  \\$acomputer$2rdamedia
=338  \\$aonline resource$2rdacarrier
=362  0\$aVol. 7, issue 3 (Oct. 1998)-v. 9, issue 2/3 (June/Oct. 2000).
=590  \\$aRoute FAILED DSC EXTENDED searches to Records Team
=540  \\$aCurrent copyright fee: GBP10.00$c65\0$5Uk
=500  \\$aTitle from caption (ACM Digital Library viewed on Mar. 30, 2006).
=500  \\$aWebsite also contains issues for previous title.
=530  \\$aAlso issued in print.
=538  \\$aMode of access: World Wide Web.
=550  \\$aNewsletter of the Special Interest Group on Hypertext (1992- ), the Special Interest Group on Hypertext and Hypermedia (19 -19), and the Special Interest Group on Hypertext, Hypermedia and Web (19 -2000) of the Association of Computing Machinery.
=588  \\$aLatest issue consulted: Vol. 9, issue 2/3 (June/Oct. 2000) (ACM Digital Library viewed on Mar. 30, 2006).
=650  \0$aHypertext systems$vPeriodicals.
=650  \0$aInteractive multimedia$vPeriodicals.
=650  \0$aWorld Wide Web$vPeriodicals.
=710  2\$aAssociation for Computing Machinery.$bSpecial Interest Group on Hypertext.
=710  2\$aAssociation for Computing Machinery.$bSpecial Interest Group on Hypertext and Hypermedia.
=710  2\$aAssociation for Computing Machinery.$bSpecial Interest Group on Hypertext, Hypermedia and Web.
=776  1\$tSIGWEB newsletter$x1931-1745
=780  00$tSIGLINK newsletter (Online)
=856  \\$31850-9999$uhttp://www.acm.org/$xBLDSS
=856  40$uhttp://portal.acm.org/browse_dl.cfm?linked=1&part=newsletter&idx=J507&coll=portal&dl=ACM
=856  40$uhttp://portal.acm.org/sigweb/newsletter
=856  40$uhttp://linux02.lib.cam.ac.uk:2048/login?url=http://portal.acm.org/browse_dl.cfm?linked=1&part=newsletter&idx=J507&coll=portal&dl=ACM&CFID=4668076&CFTOKEN=83022933$zAccess restricted to authorised University of Cambridge users
=945  \\$aACM SIGWEB newsletter
=979  \\$aBritish Library$bDSC$j0578.645000N
=CAT  \\$a5552$b40$c20120416$lBLL01$h1337
=CAT  \\$a5552$b40$c20120423$lBLL01$h0847
=CAT  \\$a5552$b40$c20120423$lBLL01$h0850
=CAT  \\$aBATCH-UPD$b40$c20121105$lBLL01$h1142
=CAT  \\$a8201$b40$c20140923$lBLL01$h1142
=CAT  \\$aBLDSS-3PM$b00$c20150131$lBLL01$h2314
=CAT  \\$aBATCH-UPD$b00$c20160413$lBLL01$h1826
=CAT  \\$aBATCH-UPD$b00$c20210412$lBLL01$h2037
=CFI  0\$aCurrent copyright fee: GBP10.00$c65\0$e16-apr-2012$fGBP10.00$g0$hP$5Uk
=FFP  \\$aY$bBLDSS-3PM
=SID  \\$aZ39$bOCLC
=TOC  \\$aETOC
=UNO  \\$aY
=LAS  \\$aBATCH-UPD$b00$c20210412$lBLL01$h2037

