=LDR  04343cas a2200985 a 4500
=001  016211566
=003  Uk
=005  20220930142843.0
=006  m\\\\\o\\d\\\\\\\\
=007  cr\|n|||||||||
=008  080417c20089999paumn\p\o\\\\\0\\\a0eng\\
=FMT  \\$a  SE
=010  \\$a  2008243520
=022  \\$y0279-9529
=035  \\$a(OCoLC)472318911
=040  \\$aDNLM$beng$cTOH$dOCLCQ$dMNM$dOCLCO$dOCLCQ$dREB$dOCLCF$dUk
=050  \4$aR11
=060  00$aW1$bAC7354
=082  04$a616.005$223
=245  00$aACP internist$h[electronic resource].
=246  3\$aAmerican College of Physicians internist
=260  \\$aPhiladelphia, PA :$bAmerican College of Physicians
=310  \\$aMonthly (except bimonthly July/Aug. and Nov./Dec.)
=336  \\$atext$2rdacontent
=337  \\$acomputer$2rdamedia
=338  \\$aonline resource$2rdacarrier
=362  1\$aBegan in 2008.
=590  \\$aRoute FAILED DSC EXTENDED searches to Records Team
=506  \\$aAccess may require a library card.
=588  \\$aDescription based on: Vol. 28, no. 2 (Feb. 2008); title from caption.
=588  \\$aLatest issue consulted: Vol. 28, no. 3 (Mar. 2008).
=540  \\$aCurrent copyright fee: GBP36.67$c76\0$5Uk
=650  \0$aInternal medicine$vPeriodicals.
=650  \0$aMedicine$vPeriodicals.
=780  00$tACP observer
=856  \\$31850-9999$uhttps://www.acponline.org/$xBLDSS
=856  40$uhttp://VC4KB8YF3Q.search.serialssolutions.com/?V=1.0&L=VC4KB8YF3Q&S=JCs&C=ACPIN&T=marc$zClick here for full text
=856  40$uhttp://www.acpinternist.org/
=945  \\$aACP internist
=979  \\$aBritish Library$bDSC$j0578.698295N
=CAT  \\$a5552$b40$c20121114$lBLL01$h0908
=CAT  \\$aBATCH-UPD$b00$c20160824$lBLL01$h1938
=CAT  \\$aBATCH-UPD$b00$c20160825$lBLL01$h0139
=CAT  \\$aIPL-CLA$c20160930$lBLL01$h1637
=CAT  \\$aBATCH-UPD$b00$c20170216$lBLL01$h2033
=CAT  \\$aIPL-CLA$c20170331$lBLL01$h1915
=CAT  \\$aBATCH-UPD$b00$c20170904$lBLL01$h2103
=CAT  \\$aIPL-CLA$c20170929$lBLL01$h1801
=CAT  \\$aBATCH-UPD$b00$c20180223$lBLL01$h2003
=CAT  \\$aIPL-CLA$c20180331$lBLL01$h1702
=CAT  \\$aBATCH-UPD$b00$c20180823$lBLL01$h2014
=CAT  \\$aIPL-CLA$c20180930$lBLL01$h1515
=CAT  \\$aBATCH-UPD$b00$c20190829$lBLL01$h1620
=CAT  \\$aIPL-CLA$c20190930$lBLL01$h1651
=CAT  \\$aBATCH-UPD$b00$c20200219$lBLL01$h1619
=CAT  \\$aIPL-CLA$c20200331$lBLL01$h1629
=CAT  \\$aBATCH-UPD$b00$c20200522$lBLL01$h1545
=CAT  \\$aIPL-CLA$c20200701$lBLL01$h0114
=CAT  \\$aBATCH-UPD$b00$c20210226$lBLL01$h1126
=CAT  \\$aIPL-CLA$c20210331$lBLL01$h1702
=CAT  \\$aBATCH-UPD$b00$c20210707$lBLL01$h1650
=CAT  \\$aIPL-CLA$c20210707$lBLL01$h1844
=CAT  \\$aBATCH-UPD$b00$c20220520$lBLL01$h1735
=CAT  \\$aIPL-CLA$c20220630$lBLL01$h1539
=CAT  \\$aBATCH-UPD$b00$c20220824$lBLL01$h0952
=CAT  \\$aIPL-CLA$c20220930$lBLL01$h1428
=CFI  0\$aCurrent copyright fee: GBP36.67$c76\0$e01-oct-2022$fGBP36.67$g0$hP$5Uk
=CFI  2\$aPrevious copyright fee: GBP35.20$c76\0$e01-jul-2022$fGBP35.20$g0$hP$5Uk
=FFP  \\$aY$bBLDSS-3PM
=LKR  \\$aPAR$b005409677$lBLL01$r78000$mACP internist$nACP observer
=SID  \\$aZ39$bOCLC
=TOC  \\$aETOC
=ACF  \\$aPrevious copyright fee: GBP26.27$c76\0$e14-nov-2012$fGBP26.27$g0$hP$5Uk
=ACF  \\$aPrevious copyright fee: GBP30.34$c76\0$e01-apr-2016$fGBP30.34$g0$hP$5Uk
=ACF  \\$aPrevious copyright fee: GBP32.59$c76\0$e01-oct-2016$fGBP32.59$g0$hP$5Uk
=ACF  \\$aPrevious copyright fee: GBP35.20$c76\0$e01-apr-2017$fGBP35.20$g0$hP$5Uk
=ACF  \\$aPrevious copyright fee: GBP33.85$c76\0$e01-oct-2017$fGBP33.85$g0$hP$5Uk
=ACF  \\$aPrevious copyright fee: GBP31.43$c76\0$e01-apr-2018$fGBP31.43$g0$hP$5Uk
=ACF  \\$aPrevious copyright fee: GBP33.85$c76\0$e01-oct-2018$fGBP33.85$g0$hP$5Uk
=ACF  \\$aPrevious copyright fee: GBP35.20$c76\0$e01-oct-2019$fGBP35.20$g0$hP$5Uk
=ACF  \\$aPrevious copyright fee: GBP33.85$c76\0$e01-apr-2020$fGBP33.85$g0$hP$5Uk
=ACF  \\$aPrevious copyright fee: GBP35.20$c76\0$e01-jul-2020$fGBP35.20$g0$hP$5Uk
=ACF  \\$aPrevious copyright fee: GBP31.11$c76\0$e01-apr-2021$fGBP31.11$g0$hP$5Uk
=ACF  \\$aPrevious copyright fee: GBP30.00$c76\0$e07-jul-2021$fGBP30.00$g0$hP$5Uk
=LAS  \\$aIPL-CLA$b00$c20220930$lBLL01$h1428

