=LDR  03016 as a2200721 a 4500
=001  016247483
=003  Uk
=005  20180504144250.0
=006  m\\\\\\\\d\\\\\\\\
=007  cr\mnu||||||||
=008  100510c20099999enktr\pss\\\\\0\\\a0eng\d
=FMT  \\$a  SE
=022  0\$a2054-555X$y1598-2688$202
=035  \\$a(OCoLC)613216546
=040  \\$aTXI$beng$cTXI$dOCLCQ$dCS1$dOCLCO$dUk
=042  \\$aukblsr$aissnuk
=043  \\$aa-ko---
=082  04$a658.56205$223
=130  0\$aAsian journal on quality (Online)
=222  \0$aAsian journal on quality$b(Online)
=245  10$aAsian journal on quality$h[electronic resource].
=246  13$aAJQ
=260  \\$aSeoul :$bKorea Society for Quality Management
=260  3\$aBingley :$bEmerald Group
=310  \\$aThree times a year,$b2005-
=321  \\$aSemiannual,$b2000-2004
=336  \\$atext$2rdacontent
=337  \\$acomputer$2rdamedia
=338  \\$aonline resource$2rdacarrier
=362  1\$aPrint began with vol. 1, no. 1 (Dec. 2000).
=530  \\$aAlso issued in print.
=540  \\$aCurrent copyright fee: GBP30.00$c25\0$5Uk
=588  \\$aDescription based on: Vol. 10, issue 1 (2009); title from general information screen (viewed May 10, 2010).
=588  \\$aLatest issue consulted: Vol. 13, issue 3 (2012) (Emerald, viewed Jan. 9, 2013).
=650  \0$aTotal quality management$vPeriodicals.
=650  \0$aTotal quality management$zAsia$vPeriodicals.
=650  \0$aTotal quality control$vPeriodicals.
=650  \0$aTotal quality control$zAsia$vPeriodicals.
=710  2\$aHan'guk P'umjil Kyŏngyŏng Hakhoe.
=776  1\$tAsian journal on quality$x1598-2688
=856  \\$31850-9999$uhttp://www.emeraldinsight.com/$xBLDSS
=856  40$uhttp://search.proquest.com/publication/1056340
=856  40$uhttp://www.emeraldinsight.com/1598-2688.htm$zView online
=856  40$uhttp://www.emeraldinsight.com/journals.htm?issn=1598-2688
=985  \\$aejournals project 2012
=985  \\$aISSN UK Centre note: Emerald ceased publication of the title in 2012. Transferred back to the Korea Society for Quality Management, who may continue to publish issues. The Print ISSN is therefore under responsibility of Korean ISSN Centre - Record not closed. SF 30/12/2013.
=CAT  \\$a8323$b40$c20130109$lBLL01$h1312
=CAT  \\$a8323$b40$c20130123$lBLL01$h1306
=CAT  \\$aBATCH-UPD$b40$c20131101$lBLL01$h2106
=CAT  \\$a11316$b40$c20131230$lBLL01$h0944
=CAT  \\$a11316$b40$c20131230$lBLL01$h0946
=CAT  \\$a5552$b40$c20180504$lBLL01$h1442
=CAT  \\$aBLDSS-3PM$b00$c20180509$lBLL01$h1026
=CAT  \\$aBATCH-UPD$b00$c20180509$lBLL01$h1026
=CFI  0\$aCurrent copyright fee: GBP30.00$c25\0$e04-may-2018$fGBP30.00$g0$hP$5Uk
=FFP  \\$aY$bBLDSS-3PM
=FIN  \\$aY$d20130109
=LKR  \\$aPAR$b014785814$lBLL01$r776$mAsian journal on quality$nAsian journal of quality
=MNI  \\$a1598-2688
=SID  \\$aZ39$bOCLC
=TOC  \\$aETOC
=UNO  \\$aY
=LAS  \\$aBATCH-UPD$b00$c20180509$lBLL01$h1026

