=LDR  02164 as a22005537i 4500
=001  016311912
=003  Uk
=005  20170511103652.0
=006  m\\\\\\\\d\|\\\\\\
=007  cr||||||||||||
=008  130402c20109999enkbr\p\o\\\\\0\\\a0eng\\
=FMT  \\$a  SE
=022  0\$a2052-2851$202
=040  \\$aUk$beng$cUk$erda
=042  \\$aissnuk
=082  04$a617.7005$223
=210  0\$aInt. j. ophthalmic pract.$b(Online)
=222  \0$aInternational journal of ophthalmic practice$b(Online)
=245  00$aInternational journal of ophthalmic practice.
=264  \1$aLondon :$bMA Healthcare Limited
=310  \\$aBimonthly
=336  \\$atext$2rdacontent
=337  \\$acomputer$2rdamedia
=338  \\$aonline resource$2rdacarrier
=540  \\$aCurrent Copyright Fee: GBP20.00$c97\0$5Uk
=776  08$iAlso issued in print as:$tInternational journal of ophthalmic practice$x2044-5504
=856  \\$31850-9999$uhttp://www.markallengroup.com/ma-healthcare/$xBLDSS
=856  4\$uhttp://www.ijop.co.uk/$zTo subscribe
=856  40$uhttp://www.internurse.com/cgi-bin/go.pl/library/issues.html?journal_uid=58
=945  \\$aInternational journal of ophthalmic practice.
=979  \\$aBritish Library$bDSC$j4542.428000N
=985  \\$aISSN description based on: volume 1, number 1 (October/November 2010); title from PDF masthead (internurse.com, viewed April 2, 2013).
=985  \\$aISSN RDA COMPLETION - TO BE CATALOGUED BY RDA TRAINED CATALOGUERS.
=CAT  \\$a11316$b40$c20130402$lBLL01$h0938
=CAT  \\$a11316$b40$c20130416$lBLL01$h0926
=CAT  \\$a11313$b40$c20130524$lBLL01$h1145
=CAT  \\$a5552$b40$c20131121$lBLL01$h1200
=CAT  \\$aBLDSS-3PM$b00$c20150131$lBLL01$h2315
=CAT  \\$aBATCH-UPD$b00$c20160413$lBLL01$h1826
=CAT  \\$a5552$b40$c20170504$lBLL01$h1332
=CAT  \\$a5410$b40$c20170511$lBLL01$h1036
=CFI  0\$aCurrent copyright fee: GBP20.00$c97\0$e21-nov-2013$fGBP20.00$g0$hP$5Uk
=FFP  \\$aY$bBLDSS-3PM
=FIN  \\$aY$d20130416
=LET  \0$aInternational journal of ophthalmic practice (Electronic)
=MNI  \\$a2044-5504
=TOC  \\$aETOC
=UNO  \\$aY
=LAS  \\$a5410$b40$c20170511$lBLL01$h1036

