=LDR  02820aas a2200697 i 4500
=001  016311945
=003  Uk
=005  20170406143215.0
=006  m\\\\\\\\d\|\\\\\\
=007  cr||||||||||||
=008  130402d20092016enkbr\p\o\\\\\0\\\a0eng\\
=FMT  \\$a  SE
=022  0\$a2052-2894$202
=040  \\$aUk$beng$cUk$dUk$erda
=042  \\$aissnuk
=082  04$a616.610231$223
=210  0\$aJ. ren. nurs.$b(Online)
=222  \0$aJournal of renal nursing$b(Online)
=245  00$aJournal of renal nursing.
=246  13$aJRN
=264  \1$aLondon :$bMA Healthcare Ltd.,$c2009-2016.
=300  \\$billustrations (colour)
=310  \\$aBimonthly
=336  \\$atext$2rdacontent
=337  \\$acomputer$2rdamedia
=338  \\$aonline resource$2rdacarrier
=362  0\$aVol 1, no 1 (May 2009)-volume 8, issue 2 (2016).
=500  \\$aTitle from PDF footer (publisher's Web site, viewed Oct. 14, 2014).
=588  \\$aLatest issue consulted: volume 8, number 2 (March 2016) (viewed June 7, 2016).
=540  \\$aCurrent Copyright Fee: GBP20.00$c97\0$5Uk
=650  \0$aKidneys$xDiseases$xNursing$vPeriodicals.
=776  08$iAlso issued in print as:$tJournal of renal nursing$x2041-1448
=785  00$tJournal of kidney care$x2397-9542
=856  \\$31850-9999$uhttp://www.markallengroup.com/ma-healthcare/$xBLDSS
=856  4\$uhttp://www.renalnursing.co.uk/$zTo subscribe
=856  40$uhttp://www.internurse.com/cgi-bin/go.pl/library/issues.html?journal_uid=45$zFollow links to resource
=856  40$uhttp://www.magonlinelibrary.com/toc/jorn/current
=945  \\$aJournal of renal nursing.
=979  \\$aBritish Library$bDSC$j5049.457000N
=985  \\$aISSN description based on: volume 1, number 1 (May 2009); title from PDF running title (internurse.com, viewed April 2, 2013).
=CAT  \\$a11316$b40$c20130402$lBLL01$h1104
=CAT  \\$a11316$b40$c20130402$lBLL01$h1107
=CAT  \\$a11316$b40$c20130416$lBLL01$h0929
=CAT  \\$a11313$b40$c20130524$lBLL01$h1153
=CAT  \\$a5552$b40$c20131121$lBLL01$h1351
=CAT  \\$a8201$b40$c20141014$lBLL01$h0855
=CAT  \\$aBLDSS-3PM$b00$c20150131$lBLL01$h2315
=CAT  \\$a8874$b40$c20150317$lBLL01$h1332
=CAT  \\$aBATCH-UPD$b40$c20151115$lBLL01$h1707
=CAT  \\$aBATCH-UPD$b40$c20160413$lBLL01$h1826
=CAT  \\$a11315$b40$c20160607$lBLL01$h1424
=CAT  \\$a11315$b40$c20160607$lBLL01$h1433
=CAT  \\$a5552$b40$c20170406$lBLL01$h1432
=CFI  0\$aCurrent copyright fee: GBP20.00$c97\0$e21-nov-2013$fGBP20.00$g0$hP$5Uk
=FFP  \\$aY$bBLDSS-3PM
=FIN  \\$aY$d20130416
=LET  \0$aJournal of renal nursing (Electronic)
=LKR  \\$aPAR$b015177125$lBLL01$nJournal of renal nursing (Print)$mJournal of renal nursing (Online)$r776
=TOC  \\$aETOC
=UNO  \\$aY
=LAS  \\$a5552$b40$c20170406$lBLL01$h1432

