=LDR  02098 as a22005777i 4500
=001  016312012
=003  Uk
=005  20190123102230.0
=006  m\\\\\\\\d\|\\\\\\
=007  cr||||||||||||
=008  130402c20039999enkmr\p\o\\\\\0\\\a0eng\\
=FMT  \\$a  SE
=022  0\$a2052-2924$202
=040  \\$aUk$beng$cUk$erda
=042  \\$aissnuk
=082  04$a610.730692$223
=210  0\$aNurse prescr.$b(Online)
=222  \0$aNurse prescribing$b(Online)
=245  00$aNurse prescribing.
=264  \1$aLondon :$bMA Healthcare Ltd
=310  \\$aMonthly
=321  \\$aBimonthly
=321  \\$aQuarterly
=336  \\$atext$2rdacontent
=337  \\$acomputer$2rdamedia
=338  \\$aonline resource$2rdacarrier
=540  \\$aCurrent Copyright Fee: GBP20.00$c97\0$5Uk
=776  08$iAlso issued in print as:$tNurse prescribing$x1479-9189
=785  00$tJournal of prescribing practice$x2631-8393
=856  \\$31850-9999$uhttp://www.markallengroup.com/ma-healthcare/$xBLDSS
=856  4\$uhttp://www.nurseprescribing.com/$zTo subscribe
=856  40$uhttp://www.internurse.com/cgi-bin/go.pl/library/issues.html?journal_uid=15
=945  \\$aNurse prescribing.
=979  \\$aBritish Library$bDSC$j6187.028728
=985  \\$aISSN description based on: volume 1, number 1 (February 2003); title from PDF article (internurse.com, viewed April 2, 2013).
=985  \\$aISSN RDA COMPLETION - TO BE CATALOGUED BY RDA TRAINED CATALOGUERS.
=CAT  \\$a11316$b40$c20130402$lBLL01$h1219
=CAT  \\$a11316$b40$c20130416$lBLL01$h0930
=CAT  \\$a11313$b40$c20130524$lBLL01$h1158
=CAT  \\$a5552$b40$c20131121$lBLL01$h1348
=CAT  \\$aBLDSS-3PM$b00$c20150131$lBLL01$h2315
=CAT  \\$aBATCH-UPD$b00$c20160413$lBLL01$h1826
=CAT  \\$a5552$b40$c20170322$lBLL01$h0843
=CAT  \\$a5997$b40$c20190123$lBLL01$h1022
=CFI  0\$aCurrent copyright fee: GBP20.00$c97\0$e21-nov-2013$fGBP20.00$g0$hP$5Uk
=FFP  \\$aY$bBLDSS-3PM
=FIN  \\$aY$d20130416
=LET  \0$aNurse prescribing (Electronic)
=TOC  \\$aETOC
=UNO  \\$aY
=LAS  \\$a5997$b40$c20190123$lBLL01$h1022

