=LDR  02005 as a22005417i 4500
=001  016320052
=003  Uk
=005  20170602103158.0
=006  m\\\\\\\\d\|\\\\\\
=007  cr||||||||||||
=008  130415c20079999enkmx\p\o\\\\\0\\\a0eng\\
=FMT  \\$a  SE
=022  0\$a2052-4625$202
=040  \\$aUk$beng$cUk$erda
=042  \\$aissnuk
=082  04$a379.110941$222
=222  \0$aFundraising for schools$b(London. Online)
=245  00$aFundraising for schools.
=264  \1$aLondon :$bMA Education Ltd
=310  \\$aEleven issues per year
=336  \\$atext$2rdacontent
=337  \\$acomputer$2rdamedia
=338  \\$aonline resource$2rdacarrier
=540  \\$aCurrent Copyright Fee: GBP20.00$c97\0$5Uk
=776  08$iAlso issued in print as:$tFundraising for schools$x1755-5094
=780  00$tPractical funding for schools
=856  \\$31850-9999$uhttp://www.markallengroup.com/ma-healthcare/$xBLDSS
=856  4\$uhttp://www.fundraisingschools.co.uk/$zTo subscribe
=856  40$uhttp://www.intered.uk.com/cgi-bin/go.pl/library/issues.html?journal_uid=36
=945  \\$aFundraising for schools.
=979  \\$aBritish Library$bDSC$j4056.192550N
=985  \\$aISSN description based on: issue 78 (May 2007); title from PDF article (intered viewed April 15, 2013).
=985  \\$aISSN RDA COMPLETION - TO BE CATALOGUED BY RDA TRAINED CATALOGUERS.
=CAT  \\$a11316$b40$c20130415$lBLL01$h1555
=CAT  \\$a11313$b40$c20130524$lBLL01$h1213
=CAT  \\$a5552$b40$c20131121$lBLL01$h1430
=CAT  \\$aBLDSS-3PM$b00$c20150131$lBLL01$h2315
=CAT  \\$aBATCH-UPD$b00$c20160413$lBLL01$h1826
=CAT  \\$a5552$b40$c20170522$lBLL01$h1043
=CAT  \\$a5410$b40$c20170602$lBLL01$h1031
=CFI  0\$aCurrent copyright fee: GBP20.00$c97\0$e21-nov-2013$fGBP20.00$g0$hP$5Uk
=FFP  \\$aY$bBLDSS-3PM
=FIN  \\$aY$d20130415
=LET  \0$aFundraising for schools (Electronic)
=MNI  \\$a1755-5095
=TOC  \\$aETOC
=UNO  \\$aY
=LAS  \\$a5410$b40$c20170602$lBLL01$h1031

