=LDR  02263 as a2200625 i 4500
=001  016442945
=003  Uk
=005  20170427110953.0
=006  m\\\\\\\\d\|\\\\\\
=007  cr||||||||||||
=008  130702c19979999enkmr\p\o\\\\\0\\\a0eng\\
=FMT  \\$a  SE
=022  0\$a2052-9775$202
=040  \\$aUk$beng$cUk$dUk$erda
=042  \\$aissnuk
=082  04$a781.6505$221
=222  \0$aJazzwise magazine$b(Online)
=245  00$aJazzwise magazine.
=246  3\$iMinor title change:$aJazzwise
=246  17$aJazzwise
=264  \1$aLondon :$bJazzwise Publications
=300  \\$billustrations (colour)
=310  \\$aMonthly
=336  \\$atext$2rdacontent
=337  \\$acomputer$2rdamedia
=338  \\$aonline resource$2rdacarrier
=362  1\$aPrint began with issue 1 (Apr. 1997).
=588  \\$aDescription based on: issue 158 (November 2011) (publisher's Web site, viewed Oct. 13, 2014).
=540  \\$aCurrent Copyright Fee: GBP20.00$c97\0$5Uk
=650  \0$aJazz$vPeriodicals.
=650  \0$aJazz$xDiscography$vPeriodicals.
=650  \0$aCompact discs$vReviews$vPeriodicals.
=776  08$iAlso issued in print as:$cJazzwise magazine$x1368-0021
=856  \\$31850-9999$uhttp://www.markallengroup.com/ma-healthcare/$xBLDSS
=856  4\$uhttp://www.exacteditions.com/magazine/469/546$zFollow links to resource
=856  4\$uhttp://www.jazzwisemagazine.com
=945  \\$aJAZZWISE -LONDON-.
=979  \\$aBritish Library$bDSC$j4663.435870N
=CAT  \\$a11316$b40$c20130702$lBLL01$h1420
=CAT  \\$a5552$b40$c20131121$lBLL01$h1540
=CAT  \\$a8201$b40$c20141013$lBLL01$h1443
=CAT  \\$aBLDSS-3PM$b00$c20150131$lBLL01$h2315
=CAT  \\$a8874$b40$c20150317$lBLL01$h1333
=CAT  \\$aBATCH-UPD$b40$c20151115$lBLL01$h1716
=CAT  \\$aBATCH-UPD$b40$c20160413$lBLL01$h1826
=CAT  \\$a5552$b40$c20170425$lBLL01$h1158
=CAT  \\$a11205$b40$c20170427$lBLL01$h1109
=CFI  0\$aCurrent copyright fee: GBP20.00$c97\0$e21-nov-2013$fGBP20.00$g0$hP$5Uk
=FFP  \\$aY$bBLDSS-3PM
=FIN  \\$aY$d20130702
=LET  \0$aJazzwise (Electronic)
=LKR  \\$aPAR$lBLL01$nJazzwise magazine (Print)$mJazzwise magazine (Online)$r776$b010482338
=TOC  \\$aETOC
=UNO  \\$aY
=LAS  \\$a11205$b40$c20170427$lBLL01$h1109

