=LDR  02211cas a22005657a 4500
=001  014638629
=003  Uk
=005  20230601154150.0
=006  m\\\\\\\\d\|\\\\\\
=007  cr||||||||||||
=008  080609c20029999gw\br\p\s\\\\\0\\\a0eng\\
=FMT  \\$a  SE
=022  \\$a1757-9988
=040  \\$aUk$beng$cUk
=210  0\$aJ. adhes. dent.$b(Online)
=222  \4$aThe journal of adhesive dentistry$b(Online)
=245  04$aThe journal of adhesive dentistry.$h[electronic resource].
=260  \\$aNew Malden :$bQuintessence
=264  31$aBerlin :$bQuintessenz Verlags-GMBH
=310  \\$aBimonthly
=336  \\$atext$2rdacontent
=337  \\$acomputer$2rdamedia
=338  \\$aonline resource$2rdacarrier
=540  \\$aCurrent Copyright Fee: GBP20.00$c91\0$5Uk
=588  \\$aLatest issue consulted: volume 25 (2023) (publisher's website, viewed June 1, 2023).
=776  08$iPrint version, -2021:$tJournal of adhesive dentistry$x1461-5185
=856  \\$31850-9999$uhttp://www.quintpub.co.uk/$xBLDSS
=856  40$uhttp://www.quintpub.com/journals/jad/gp.php?journal_name=JAD&name_abbr=JAD$zTo subscribe, login and password required
=856  40$uhttps://www.quintessence-publishing.com/deu/en/journal/the-journal-of-adhesive-dentistry
=945  \\$aJournal of adhesive dentistry.
=979  \\$aBritish Library$cDSC$j4918.937000
=985  \\$aISSN responsibility transferred to ISSN Germany (01/06/23)
=CAT  \\$a6537$b40$c20080609$lBLL01$h0943
=CAT  \\$a6537$b40$c20081124$lBLL01$h1135
=CAT  \\$a5552$b40$c20130828$lBLL01$h0825
=CAT  \\$aBLDSS-3PM$b00$c20150131$lBLL01$h2313
=CAT  \\$aBATCH-UPD$b00$c20160413$lBLL01$h1822
=CAT  \\$aBATCH-UPD$b00$c20160524$lBLL01$h2300
=CAT  \\$aBATCH-UPD$b00$c20160525$lBLL01$h0653
=CAT  \\$a5552$b40$c20170217$lBLL01$h1429
=CAT  \\$a10806$b40$c20230601$lBLL01$h1529
=CAT  \\$a10806$b40$c20230601$lBLL01$h1530
=CAT  \\$a10806$b40$c20230601$lBLL01$h1541
=CFI  0\$aCurrent Copyright Fee: GBP20.00$c91\0$e28-aug-2013$fGBP20.00$g0$hP$5Uk
=FFP  \\$aY$bBLDSS-3PM
=FIN  \\$aY$d20080609
=TCO  \\$aCLA$bCLA$c008
=TOC  \\$aETOC
=UNO  \\$aY
=LAS  \\$a10806$b40$c20230601$lBLL01$h1541

