=LDR  01970cas a22005177a 4500
=001  014693714
=003  Uk
=005  20230209084414.0
=006  m\\\\\\\\d\|\\\\\\
=007  cr||||||||||||
=008  080814d19962012enkqr\p\o\\\\\0\\\a0eng\\
=FMT  \\$a  SE
=022  0\$a1758-745X$202
=040  \\$aUk$beng$cUk$dUk
=042  \\$aissnuk
=222  \0$aJournal of human resource costing & accounting$b(Online)
=245  00$aJournal of human resource costing & accounting$h[electronic resource].
=246  3\$aJournal of human resource costing and accounting
=260  \\$aBingley :$bEmerald
=310  \\$aQuarterly,$b2009-
=321  \\$aThree times a year,$b2006-2008
=321  \\$aSemiannual,$b2006-2008
=336  \\$atext$2rdacontent
=337  \\$acomputer$2rdamedia
=338  \\$aonline resource$2rdacarrier
=540  \\$aCurrent copyright fee: GBP30.00$c25\0$5Uk
=776  08$iAlso issued in print as:$tJournal of human resource costing & accounting$x1401-338X
=856  \\$31850-9999$uhttp://www.emeraldinsight.com/$xBLDSS
=856  40$uhttps://www.emerald.com/insight/publication/issn/1401-338X
=856  40$uhttp://info.emeraldinsight.com/products/journals/journals.htm?PHPSESSID=r12qaujikth88gcuq573mi5ku6&id=jhrca$zLink no longer valid
=945  \\$aJournal of human resource costing and accounting
=979  \\$aBritish Library$bDSC$j5003.427000N
=CAT  \\$a6537$b40$c20080814$lBLL01$h1249
=CAT  \\$a5552$b40$c20151111$lBLL01$h1425
=CAT  \\$aBLDSS-3PM$b00$c20151123$lBLL01$h1623
=CAT  \\$aBATCH-UPD$b00$c20160413$lBLL01$h1823
=CAT  \\$a5552$b40$c20170420$lBLL01$h1124
=CAT  \\$a8323$b40$c20210720$lBLL01$h1418
=CAT  \\$a12654$b40$c20230209$lBLL01$h0844
=CFI  0\$aCurrent copyright fee: GBP30.00$c25\0$e11-nov-2015$fGBP30.00$g0$hP$5Uk
=FFP  \\$aY$bBLDSS-3PM
=FIN  \\$aY$d20080814
=TCO  \\$aCLA$bCLA$c008
=TOC  \\$aETOC
=UNO  \\$aY
=LAS  \\$a12654$b40$c20230209$lBLL01$h0844

