=LDR  01685 as a22004697i 4500
=001  018826819
=003  Uk
=005  20181214140200.0
=006  m\\\\\\\\d\|\\\\\\
=007  cr||||||||||||
=008  180409d20162017enkuu\p\o\\\\\0\\\a0eng\\
=FMT  \\$a  SE
=022  0\$a2199-868X$202
=040  \\$aUk$beng$cUk$erda
=042  \\$aissnuk
=082  04$a300$223
=130  0\$aJournal of Chinese studies (London, England)
=222  \0$aJournal of Chinese studies$b(London)
=245  10$aJournal of Chinese studies.
=264  \1$aLondon :$bSpringer Open
=336  \\$atext$2rdacontent
=337  \\$acomputer$2rdamedia
=338  \\$aonline resource$2rdacarrier
=540  \\$aCurrent copyright fee: zero$c22\1$5Uk
=588  \\$aDescription based on ISSN Portal record.
=856  \\$31850-9999$uhttp://link.springer.com/$xBLDSS
=856  40$uhttp://jchinesestudies.springeropen.com/
=856  40$uhttp://www.springer.com/social+sciences/journal/40853$xOA-J
=945  \\$aJournal of Chinese studies -London-.
=979  \\$aBritish Library$bDSC$j4958.150005N
=985  \\$aISSN UK Centre note: responsibility transferred to ISSN UK Centre (IC Springer Nature project) 9.4.18
=CAT  \\$a10973$b40$c20180409$lBLL01$h1425
=CAT  \\$a10806$b40$c20180912$lBLL01$h1335
=CAT  \\$a5552$b40$c20181214$lBLL01$h1402
=CAT  \\$aBLDSS-3PM$b00$c20181218$lBLL01$h1720
=CAT  \\$aBATCH-UPD$b00$c20181218$lBLL01$h1721
=CAT  \\$aBATCH-UPD$b00$c20181218$lBLL01$h2127
=CFI  0\$aCurrent copyright fee: zero$c22\1$e14-dec-2018$fGBP0.00$g0$hP$5Uk
=FFP  \\$aY$bBLDSS-3PM
=FIN  \\$aY$d20180409
=UNO  \\$aY
=LAS  \\$aBATCH-UPD$b00$c20181218$lBLL01$h2127

