=LDR  01905 as a22005177i 4500
=001  019377159
=003  Uk
=005  20191217172509.0
=006  m\\\\\\\\d\|||||||
=007  cr||||||||||||
=008  170803c20199999enk\x\p\\\\\\\0\\\a0eng\\
=FMT  \\$a  SE
=022  0\$a2661-8974$202
=040  \\$aUk$beng$cUk$erda
=042  \\$aissnuk
=082  04$a338.19$223
=222  \0$aFood production, processing and nutrition
=245  00$aFood production, processing and nutrition.
=264  \1$a[London] :$bBMC, part of Springer Nature
=336  \\$atext$2rdacontent
=337  \\$acomputer$2rdamedia
=338  \\$aonline resource$2rdacarrier
=588  \\$aDescription based on: 1:1 (2019) ; title from journal homepage (publisher's Web site, viewed December 17, 2019).
=540  \\$aCurrent copyright fee: zero$c22\1$5Uk
=710  2\$aBioMed Central Ltd.
=710  2\$aJiangsu Sheng nong ye ke xue yuan.
=856  4\$31850-9999$uhttp://link.springer.com/$xBLDSS
=856  40$uhttps://fppn.biomedcentral.com/$xOA-J
=856  40$uhttps://link.springer.com/journal/43014
=945  \\$aFood production processing and nutrition
=979  \\$aBritish Library$bDSC$j3981.864200N
=985  \\$aUpgraded by BSS-generated file for WR1910-0531
=985  \\$aISSN UK Centre note: ROAD-OA.
=985  \\$aISSN UK Centre: ISSN assigned by IC as part of Springer Nature project.
=CAT  \\$a5552$b40$c20190425$lBLL01$h0847
=CAT  \\$aBATCH-UPD$b40$c20190430$lBLL01$h2334
=CAT  \\$aBLDSS-3PM$b00$c20190501$lBLL01$h1026
=CAT  \\$aBATCH-UPD$b00$c20190501$lBLL01$h1026
=CAT  \\$aW1910-0531$b00$c20191108$lBLL01$h1837
=CAT  \\$a10973$b40$c20191217$lBLL01$h1725
=CFI  0\$aCurrent copyright fee: zero$c22\1$e25-apr-2019$fGBP0.00$g0$hP$5Uk
=FFP  \\$aY$bBLDSS-3PM
=FIN  \\$aY$d20191217
=TOC  \\$aETOC
=UNO  \\$aY
=LAS  \\$a10973$b40$c20191217$lBLL01$h1725

