=LDR  05931 as a2201249 a 4500
=001  005448570
=003  Uk
=005  20200331154408.0
=006  m\\\\\o\\d\\\\\\\\
=007  cr\|n|||||||||
=008  020522c20029999njumr\p\o\\\\\0\\\a0eng\c
=FMT  \\$a  SE
=010  \\$a  2002214207
=019  c\$a3022913
=022  \\$a1540-0735$l1540-0735
=035  \\$a(OCoLC)262298640
=040  \\$aNz$beng$cUX1$dOCLCS$dOCLCQ$dCSU$dHEBIS$dOCLCQ$dOCLCF$dOCLCO$dUk
=050  14$aRC648.A1
=082  04$a616.4$223
=130  0\$aEndocrine today (Online)
=210  0\$aEndocr. today
=222  \0$aEndocrine today
=245  10$aEndocrine today$h[electronic resource].
=260  \\$aThorofare, N.J. :$bSlack
=310  \\$aMonthly
=336  \\$atext$2rdacontent
=337  \\$acomputer$2rdamedia
=338  \\$aonline resource$2rdacarrier
=362  0\$aVol. 1, no. 1 (Feb. 2003)-
=595  \\$aSEE CARD INDEX.
=588  \\$aDescription based on surrogate; title from caption.
=540  \\$aCurrent copyright fee: GBP38.00$c58\0$5Uk
=650  \0$aEndocrinology$vPeriodicals.
=856  \\$31850-9999$uhttp://www.slackinc.com/$xBLDSS
=856  40$uhttp://ezproxy.canterbury.ac.nz/login?url=http://proquest.umi.com/pqdweb?RQT=318&pmid=80696
=856  40$uhttp://gateway.proquest.com/openurl?url_ver=Z39.88-2004&res_dat=xri:pqd&rft_val_fmt=info:ofi/fmt:kev:mtx:journal&rft_dat=xri:pqd:PMID%3D80696
=856  40$uhttp://search.ebscohost.com/$xAggregator
=856  40$uhttp://www.bibliothek.uni-regensburg.de/ezeit/?2568906$xEZB
=945  \\$aENDOCRINE TODAY.
=979  \\$aBritish Library$bDSC$j3740.483500N$xNot selected
=A02  \\$a3022913
=CAT  \\$aCONV$b00$c20040502$lBLL01$h1101
=CAT  \\$aIPL-CLA$c20100630$lBLL01$h2005
=CAT  \\$aBATCH-CLA$b00$c20100831$lBLL01$h1525
=CAT  \\$aIPL-CLA$c20100930$lBLL01$h1439
=CAT  \\$aBATCH-CLA$b00$c20101115$lBLL01$h1605
=CAT  \\$aIPL-CLA$c20101231$lBLL01$h1123
=CAT  \\$aBATCH-CLA$b00$c20110228$lBLL01$h1532
=CAT  \\$aIPL-CLA$c20110331$lBLL01$h1420
=CAT  \\$aBATCH-CLA$b00$c20110531$lBLL01$h1627
=CAT  \\$aIPL-CLA$c20110630$lBLL01$h1501
=CAT  \\$aBATCH-CLA$b00$c20110831$lBLL01$h1736
=CAT  \\$aIPL-CLA$c20110930$lBLL01$h1458
=CAT  \\$aBATCH-CLA$b00$c20111130$lBLL01$h1211
=CAT  \\$aIPL-CLA$c20111230$lBLL01$h1628
=CAT  \\$aBATCH-CLA$b00$c20120229$lBLL01$h1604
=CAT  \\$a5552$b40$c20120305$lBLL01$h1342
=CAT  \\$aWR12-140$c20121031$lBLL01$h1710
=CAT  \\$aBATCH-CLA$b00$c20121102$lBLL01$h1752
=CAT  \\$aWR13.005$c20130329$lBLL01$h1213
=CAT  \\$a8201$b40$c20140917$lBLL01$h1542
=CAT  \\$aBLDSS-3PM$b00$c20150131$lBLL01$h2308
=CAT  \\$a8874$b40$c20150317$lBLL01$h1254
=CAT  \\$aBATCH-UPD$b40$c20160413$lBLL01$h1759
=CAT  \\$a5410$b40$c20161219$lBLL01$h1140
=CAT  \\$aBATCH-UPD$b40$c20200219$lBLL01$h1605
=CAT  \\$aIPL-CLA$c20200331$lBLL01$h1544
=CFI  0\$aCurrent copyright fee: GBP38.00$c58\0$e01-apr-2020$fGBP38.00$g0$hP$5Uk
=CFI  2\$aPrevious copyright fee: GBP31.00$c58\0$e05-mar-2012$fGBP31.00$g0$hP$5Uk
=FFP  \\$aY$bBLDSS-3PM
=FIN  \\$aY
=LEO  \\$aMP10.0000208555
=SID  \\$aZ39$bOCLC
=SRC  \\$aDSS01$bbibmp10.200404.2.aa
=TCO  \\$aTRS$bCCC$c008
=ACF  \\$aPrevious Copyright Fee: GBP3.60$c0$e01-oct-2011$fGBP3.60$g0$hC$5Uk
=ACF  \\$aPrevious Copyright Fee: GBP3.60$c0$e01-jul-2011$fGBP3.60$g0$hC$5Uk
=ACF  \\$aPrevious Copyright Fee: GBP3.60$c0$e01-apr-2011$fGBP3.60$g0$hC$5Uk
=ACF  \\$aPrevious Copyright Fee: GBP3.60$c0$e01-jan-2011$fGBP3.60$g0$hC$5Uk
=ACF  \\$aPrevious Copyright Fee: GBP3.60$c0$e01-oct-2010$fGBP3.60$g0$hC$5Uk
=ACF  \\$aPrevious Copyright Fee: GBP3.60$c0$e01-jul-2010$fGBP3.60$g0$hC$5Uk
=ACF  \\$aPrevious Copyright Fee: GBP3.60$c0$e01-apr-2010$fGBP3.60$g0$hC$5Uk
=ACF  \\$aPrevious Copyright Fee: GBP3.60$c0$e01-Jan-2010$fGBP3.60$g0$hC$5Uk
=ACF  \\$aPrevious Copyright Fee: GBP3.60$c0$e01-oct-2009$fGBP3.60$g0$hC$5Uk
=ACF  \\$aPrevious Copyright Fee: GBP4.29$c0$e01-jul-2009$fGBP4.29$g0$hC$5Uk
=ACF  \\$aPrevious Copyright Fee: GBP4.29$c0$e01-apr-2009$fGBP4.29$g0$hC$5Uk
=ACF  \\$aPrevious Copyright Fee: GBP3.75$c0$e01-jan-2009$fGBP3.75$g0$hC$5Uk
=ACF  \\$aPrevious Copyright Fee: GBP3.00$c0$e01-oct-2008$fGBP3.00$g0$hC$5Uk
=ACF  \\$aPrevious Copyright Fee: GBP3.00$c0$e01-jul-2008$fGBP3.00$g0$hC$5Uk
=ACF  \\$aPrevious Copyright Fee: GBP3.00$c0$e01-apr-2008$fGBP3.00$g0$hC$5Uk
=ACF  \\$aPrevious Copyright Fee: GBP3.00$c0$e01-jan-2008$fGBP3.00$g0$hC$5Uk
=ACF  \\$aPrevious Copyright Fee: GBP3.00$c0$e01-oct-2007$fGBP3.00$g0$hC$5Uk
=ACF  \\$aPrevious Copyright Fee: GBP3.00$c0$e01-jul-2007$fGBP3.00$g0$hC$5Uk
=ACF  \\$aPrevious Copyright Fee: GBP3.08$c0$e01-apr-2007$fGBP3.08$g0$hC$5Uk
=ACF  \\$aPrevious Copyright Fee: GBP10.81$c0$e01-jan-2007$fGBP10.81$g0$hC$5Uk
=ACF  \\$aPrevious Copyright Fee: GBP10.81$c0$e01-oct-2006$fGBP10.81$g0$hC$5Uk
=ACF  \\$aPrevious Copyright Fee: GBP11.43$c0$e01-jul-2006$fGBP11.43$g0$hC$5Uk
=ACF  \\$aPrevious Copyright Fee: GBP11.43$c0$e01-apr-2006$fGBP11.43$g0$hC$5Uk
=ACF  \\$aPrevious Copyright Fee: GBP11.11$c0$e01-jan-2006$fGBP11.11$g0$hC$5Uk
=ACF  \\$aPrevious Copyright Fee: GBP10.81$c0$e01-oct-2005$fGBP10.81$g0$hC$5Uk
=ACF  \\$aPrevious Copyright Fee: GBP10.81$c0$e01-jul-2005$fGBP10.81$g0$hC$5Uk
=ACF  \\$aPrevious Copyright Fee: GBP10.81$c0$e01-apr-2005$fGBP10.81$g0$hC$5Uk
=ACF  \\$aPrevious Copyright Fee: GBP11.11$c0$e01-jan-2005$fGBP11.11$g0$hC$5Uk
=ACF  \\$aPrevious Copyright Fee: GBP10.81$c0$e01-oct-2004$fGBP10.81$g0$hC$5Uk
=ACF  \\$aPrevious copyright fee: GBP5.00$c0$e06-jan-2004$fGBP5.00$g0$hA$5Uk
=ACF  \\$aPrevious Copyright Fee: GBP3.60$c0$e01-jan-2012$fGBP3.60$g0$hC$5Uk
=LAS  \\$aIPL-CLA$b00$c20200331$lBLL01$h1544

