=LDR  05353cas a2201057 i 4500
=001  020105509
=003  Uk
=005  20220930143040.0
=006  m\\\\\o\\d\\\\\\\\
=007  cr\cn||||m||||
=008  050215c20009999njuar\\\o\\\\\1\\\a0eng\\
=FMT  \\$a  SE
=010  \\$a  2021200045
=022  \\$a2766-855X$y1558-2434
=035  \\$a(OCoLC)57665602
=040  \\$aMUS$beng$cMUS$dOCLCQ$dCGU$dOCLCQ$dOCLCF$dOCLCO$dOCL$dOCLCO$dOCLCQ$dOCLCA$dDLC$dOCLCO$dUk$erda
=042  \\$aukblsr
=050  10$aISSN RECORD
=050  \4$aTK7874$b.I3235a (Online)
=082  10$a621$223
=082  04$a621.3815$223
=111  2\$aIEEE/ACM International Conference on Computer-Aided Design.
=210  0\$aICCAD$b(Online)
=222  \0$aICCAD$b(Online)
=245  10$aICCAD /$cIEEE/ACM International Conference on Computer-Aided Design.
=246  13$aProceedings of the ... IEEE/ACM International Conference on Computer-Aided Design
=246  13$aProceedings of the ... International Conference on Computer-Aided Design$f2001-
=246  13$aIEEE/ACM digest of technical papers
=246  13$aDigest of technical papers
=246  1\$aIEEE/ACM International Conference on Computer-Aided Design digest of technical papers
=246  1\$aInternational Conference on Computer-Aided Design$f2003
=264  \1$a[Piscataway, NJ] :$b[Institute of Electrical and Electronics Engineers],$c2000-
=300  \\$a1 electronic journal
=310  \\$aAnnual
=336  \\$atext$2rdacontent
=337  \\$acomputer$2rdamedia
=338  \\$aonline resource$2rdacarrier
=362  1\$aBegan in 2000.
=500  \\$aIEEE Xplore includes a mix of cover images and/or title pages from print, cd-rom, or USB formats (as available), separately published by IEEE, the IEEE Computer Society or other affiliated IEEE organizations. Title information varies, however, content is the same (with some minor stylistic variations) accross formats.
=500  \\$aSome issues published by ACM: 2002, 2009, etc.
=530  \\$aAlso issued online, and on CD-ROM, 2006-
=550  \\$aSponsored by: IEEE Circuits & Systems Society, IEEE Computer Society DATC, Association for Computing Machinery/SIGDA; in cooperation with the Institute of Electrical and Electronics Engineers, Inc. and many others.
=588  0\$aDescription based on print.
=588  1\$a2020 (IEEExplore, viewed Feb. 3, 2021)
=540  \\$aCurrent copyright fee: GBP27.50$c32\0$5Uk
=650  \0$aComputer-aided design$vCongresses.
=650  \0$aIntegrated circuits$xComputer-aided design$vCongresses.
=650  \0$aElectronic circuit design$vCongresses.
=650  \7$aComputer-aided design.$2fast$0(OCoLC)fst00872701
=650  \7$aElectronic circuit design.$2fast$0(OCoLC)fst00906862
=650  \7$aIntegrated circuits$xComputer-aided design.$2fast$0(OCoLC)fst00975538
=655  \7$aConference papers and proceedings.$2fast$0(OCoLC)fst01423772
=710  2\$aInstitute of Electrical and Electronics Engineers,$eissuing body.
=710  2\$aIEEE Circuits and Systems Society,$esponsor.
=710  2\$aIEEE Computer Society.$bDesign Automation Technical Committee,$esponsor.
=710  2\$aACM Special Interest Group on Design Automation,$esponsor.
=710  2\$aAssociation for Computing Machinery,$eissuing body.
=710  2\$aIEEE Computer Society.
=776  08$iPrint version:$aIEEE/ACM International Conference on Computer-Aided Design.$tICCAD$x1933-7760
=776  08$iCD-ROM version:$aIEEE/ACM International Conference on Computer-Aided Design.$tICCAD
=780  00$aIEEE/ACM International Conference on Computer-Aided Design.$tDigest of technical papers$x1558-2434
=856  \\$31850-9999$uhttp://ieeexplore.ieee.org/Xplore/home.jsp$xBLDSS
=856  40$uhttps://ieeexplore.ieee.org/xpl/conhome/1000151/all-proceedings
=856  40$uhttps://dl.acm.org/proceedings?AllProceedings=ICCAD
=856  40$uhttps://proceedings.com$xSearch: ICCAD
=856  40$uhttp://csdl2.computer.org/persagen/ProceedingByFilter.jsp?filter=I$xLink no longer valid
=945  \\$aDigest of technical papers IEEE ACM International Conference on Computer Aided Design Online)
=979  \\$aBritish Library$bDSC$j3588.315800N
=CAT  \\$a10806$b40$c20210212$lBLL01$h1023
=CAT  \\$a10806$b40$c20210212$lBLL01$h1024
=CAT  \\$a10806$b40$c20210212$lBLL01$h1026
=CAT  \\$aBATCH-UPD$b40$c20210226$lBLL01$h1100
=CAT  \\$aIPL-CLA$c20210331$lBLL01$h1704
=CAT  \\$aBATCH-UPD$b00$c20210707$lBLL01$h1624
=CAT  \\$aIPL-CLA$c20210707$lBLL01$h1845
=CAT  \\$aBATCH-UPD$b00$c20220520$lBLL01$h1705
=CAT  \\$aIPL-CLA$c20220630$lBLL01$h1541
=CAT  \\$aBATCH-UPD$b00$c20220824$lBLL01$h0928
=CAT  \\$aIPL-CLA$c20220930$lBLL01$h1430
=CFI  0\$aCurrent copyright fee: GBP27.50$c32\0$e01-oct-2022$fGBP27.50$g0$hP$5Uk
=CFI  2\$aPrevious copyright fee: GBP26.40$c32\0$e01-jul-2022$fGBP26.40$g0$hP$5Uk
=FFP  \\$aY$bBLDSS-3PM
=FIN  \\$aY$d20210212
=MNI  \\$a1933-7760
=SID  \\$aZ39$bOCLC
=TOC  \\$aETOC
=UNO  \\$aY
=ACF  \\$aPrevious copyright fee: GBP26.40$c32\0$e16-dec-2020$fGBP26.40$g0$hP$5Uk
=ACF  \\$aPrevious copyright fee: GBP24.44$c32\0$e01-apr-2021$fGBP24.44$g0$hP$5Uk
=ACF  \\$aPrevious copyright fee: GBP23.57$c32\0$e07-jul-2021$fGBP23.57$g0$hP$5Uk
=LAS  \\$aIPL-CLA$b00$c20220930$lBLL01$h1430

