=LDR  03481cas a22008173i 4500
=001  012089231
=003  Uk
=005  20220930155320.0
=007  cr||||||||||||
=008  021125d20002004enkqr2p\s\\\\\0\\\a0eng\\
=FMT  \\$a  SE
=022  0\$a1479-1897$202
=040  \\$aUk$cUk$dUk
=042  \\$aissnuk
=222  \0$aInternational journal of medical marketing$b(Online)
=245  00$aInternational journal of medical marketing
=260  \\$aLondon :$bHenry Stewart Publications.
=336  \\$atext$2rdacontent
=337  \\$acomputer$2rdamedia
=338  \\$aonline resource$2rdacarrier
=580  \\$aSome providers make available from the later title Web site: Journal of medical marketing.
=540  \\$aCurrent copyright fee: GBP36.32$c19\0$5Uk
=776  0\$tInternational journal of medical marketing$x1469-7025
=785  10$tJournal of medical marketing$x1745-7912
=856  \\$31850-9999$uhttp://www.uk.sagepub.com/home.nav$xBLDSS
=856  40$uhttp://journals.sagepub.com/home/mmj
=945  \\$aInternational journal of medical marketing
=979  \\$aBritish Library$bDSC$j4542.345620
=CAT  \\$aCONV$b00$c20040425$lBLL90$h0850
=CAT  \\$a3072$b40$c20080715$lBLL01$h1551
=CAT  \\$aBATCH$b00$c20091210$lBLL01$h0648
=CAT  \\$a5552$b40$c20180910$lBLL01$h1636
=CAT  \\$a5552$b40$c20180910$lBLL01$h1638
=CAT  \\$a10806$b40$c20180917$lBLL01$h0921
=CAT  \\$a10806$b40$c20180917$lBLL01$h0922
=CAT  \\$aBLDSS-3PM$b00$c20180928$lBLL01$h0855
=CAT  \\$aBATCH-UPD$b00$c20180928$lBLL01$h0856
=CAT  \\$aIPL-CLA$c20180930$lBLL01$h1459
=CAT  \\$aBATCH-UPD$b00$c20190521$lBLL01$h1410
=CAT  \\$aIPL-CLA$c20190630$lBLL01$h1530
=CAT  \\$aBATCH-UPD$b00$c20190829$lBLL01$h1527
=CAT  \\$aIPL-CLA$c20190930$lBLL01$h1634
=CAT  \\$aBATCH-UPD$b00$c20200219$lBLL01$h1515
=CAT  \\$aIPL-CLA$c20200331$lBLL01$h1611
=CAT  \\$aBATCH-UPD$b00$c20200522$lBLL01$h1457
=CAT  \\$aIPL-CLA$c20200701$lBLL01$h0052
=CAT  \\$aBATCH-UPD$b00$c20210226$lBLL01$h1037
=CAT  \\$aIPL-CLA$c20210331$lBLL01$h1840
=CAT  \\$aBATCH-UPD$b00$c20210707$lBLL01$h1601
=CAT  \\$aIPL-CLA$c20210707$lBLL01$h1954
=CAT  \\$aBATCH-UPD$b00$c20220520$lBLL01$h1633
=CAT  \\$aIPL-CLA$c20220630$lBLL01$h1705
=CAT  \\$aBATCH-UPD$b00$c20220824$lBLL01$h0900
=CAT  \\$aIPL-CLA$c20220930$lBLL01$h1553
=CFI  0\$aCurrent copyright fee: GBP36.32$c19\0$e01-oct-2022$fGBP36.32$g0$hP$5Uk
=CFI  2\$aPrevious copyright fee: GBP34.86$c19\0$e01-jul-2022$fGBP34.86$g0$hP$5Uk
=FFP  \\$aY$bBLDSS-3PM
=FIN  \\$aY
=LEO  \\$aMP22.0000070192
=SRC  \\$aISN01$bbibmp22.200404.2.aa
=TCO  \\$aCLA$bCLA$c008
=UNO  \\$aY
=ACF  \\$aPrevious copyright fee: GBP28.57$c19\0$e10-sep-2018$fGBP28.57$g0$hP$5Uk
=ACF  \\$aPrevious copyright fee: GBP30.77$c19\0$e01-oct-2018$fGBP30.77$g0$hP$5Uk
=ACF  \\$aPrevious copyright fee: GBP32.31$c19\0$e01-jul-2019$fGBP32.31$g0$hP$5Uk
=ACF  \\$aPrevious copyright fee: GBP33.60$c19\0$e01-oct-2019$fGBP33.60$g0$hP$5Uk
=ACF  \\$aPrevious copyright fee: GBP33.52$c19\0$e01-apr-2020$fGBP33.52$g0$hP$5Uk
=ACF  \\$aPrevious copyright fee: GBP34.86$c19\0$e01-jul-2020$fGBP34.86$g0$hP$5Uk
=ACF  \\$aPrevious copyright fee: GBP32.28$c19\0$e01-apr-2021$fGBP32.28$g0$hP$5Uk
=ACF  \\$aPrevious copyright fee: GBP31.13$c19\0$e07-jul-2021$fGBP31.13$g0$hP$5Uk
=LAS  \\$aIPL-CLA$b00$c20220930$lBLL01$h1553

