=LDR  01831 as a22005057a 4500
=001  012089964
=003  Uk
=005  20180601125158.0
=007  cr||||||||||||
=008  030728c19999999xxkbr2p\o\\\\\0\\\a0eng\\
=022  0\$a1741-3575$202
=040  \\$aUk$cUk$dUk
=042  \\$aissnuk
=210  0\$aJ. opt., B Quantum semiclass. opt.$b(Online)
=222  \0$aJournal of optics. B, Quantum and semiclassical optics$b(Online)
=245  00$aJournal of optics.$nB,$pQuantum and semiclassical optics.
=260  \\$aBristol :$bInstitute of Physics Publishing.
=336  \\$atext$2rdacontent
=337  \\$acomputer$2rdamedia
=338  \\$aonline resource$2rdacarrier
=540  \\$aCurrent Copyright Fee: GBP30.00$c77\0$5Uk
=776  0\$tJournal of optics. B, Quantum and semiclassical optics$x1464-4266
=780  00$tQuantum and semiclassical optics$x1361-6625
=856  \\$31850-9999$uhttp://www.iop.org/$xBLDSS
=856  40$uhttp://iopscience.iop.org/journal/1355-5111
=CAT  \\$aCONV$b00$c20040425$lBLL90$h0850
=CAT  \\$aCONV$b00$c20040502$lBLL01$h1456
=CAT  \\$aglobal_upd$b40$c20060417$lBLL01$h1841
=CAT  \\$aBATCH$b00$c20091210$lBLL01$h0648
=CAT  \\$a11316$b40$c20141106$lBLL01$h1522
=CAT  \\$a10973$b40$c20170303$lBLL01$h1114
=CAT  \\$a5552$b40$c20180601$lBLL01$h0824
=CAT  \\$a5552$b40$c20180601$lBLL01$h1251
=CAT  \\$aIPL-CLA$c20180630$lBLL01$h1913
=CAT  \\$aBLDSS-3PM$b00$c20180723$lBLL01$h1540
=CAT  \\$aBATCH-UPD$b00$c20180723$lBLL01$h1548
=CFI  0\$aCurrent Copyright Fee: GBP30.00$c77\0$e01-jul-2018$fGBP30.00$g0$hP$5Uk
=FFP  \\$aY$bBLDSS-3PM
=FIN  \\$aY
=FMT  \\$a  SE
=LAS  \\$aBATCH-UPD$b00$c20180723$lBLL01$h1548
=LEO  \\$aMP22.0000071333
=SRC  \\$aISN01$bbibmp22.200404.2.aa
=TCO  \\$aCLA$bCLA$c008
=UNO  \\$aY

