=LDR  03767cas a22008417a 4500
=001  012090514
=003  Uk
=005  20230930080607.0
=006  m\\\\\\\\d\|\\\\\\
=007  cr||||||||||||
=008  040407c20009999enk\x\m\s\\\\\0\\\a0eng\\
=FMT  \\$a  SE
=022  0\$a1743-4483$202
=040  \\$aUk$beng$cUk$dUk
=042  \\$aissnuk
=210  0\$aAmyotroph. lateral scler. other mot. neuron disord., Suppl.$b(Online)
=222  \0$aAmyotrophic lateral sclerosis and other motor neuron disorders. Supplement$b(Online)
=245  00$aAmyotrophic lateral sclerosis and other motor neuron disorders.$pSupplement$h[electronic resource].
=246  13$aAmyotrophic lateral sclerosis. Supplement
=260  \\$aLondon :$bTaylor & Francis Health Sciences
=336  \\$atext$2rdacontent
=337  \\$acomputer$2rdamedia
=338  \\$aonline resource$2rdacarrier
=540  \\$aCurrent copyright fee: GBP46.00$c2\0$5Uk
=710  2\$aWorld Federation of Neurology. Research Group on Motor Neuron Diseases.
=776  0\$tAmyotrophic lateral sclerosis and other motor neuron disorders. Supplement$c(Online)$x1743-4475
=772  0\$tAmyotrophic lateral sclerosis and other motor neuron disorders (Online)$x1466-0822
=856  \\$31850-9999$uhttp://informahealthcare.com$xBLDSS
=856  40$uhttp://www.tandfonline.com/loi/iafd20
=945  \\$aAmyotrophic lateral sclerosis and other motor neuron disorders -supplement-.
=979  \\$aBritish Library$bDSC$j0859.841195N
=CAT  \\$aCONV$b00$c20040425$lBLL90$h0850
=CAT  \\$a6537$b40$c20080305$lBLL01$h0949
=CAT  \\$aBATCH$b00$c20091210$lBLL01$h0648
=CAT  \\$a5552$b40$c20131105$lBLL01$h1224
=CAT  \\$a5552$b40$c20131126$lBLL01$h1346
=CAT  \\$aBLDSS-3PM$b00$c20141121$lBLL01$h1802
=CAT  \\$a5552$b40$c20150209$lBLL01$h0909
=CAT  \\$aBATCH-UPD$b40$c20151119$lBLL01$h1559
=CAT  \\$aIPL-CLA$c20151231$lBLL01$h1917
=CAT  \\$aBATCH-UPD$b00$c20160413$lBLL01$h1815
=CAT  \\$aBATCH-UPD$b00$c20160524$lBLL01$h2148
=CAT  \\$aBATCH-UPD$b00$c20160524$lBLL01$h2156
=CAT  \\$a5552$b40$c20161010$lBLL01$h1316
=CAT  \\$aBATCH-UPD$b40$c20161122$lBLL01$h1538
=CAT  \\$a10806$b40$c20161129$lBLL01$h1356
=CAT  \\$aIPL-CLA$c20161230$lBLL01$h2053
=CAT  \\$aBATCH-UPD$b00$c20171121$lBLL01$h1717
=CAT  \\$aIPL-CLA$c20171231$lBLL01$h1608
=CAT  \\$aBATCH-UPD$b00$c20181217$lBLL01$h1705
=CAT  \\$aIPL-CLA$c20181231$lBLL01$h1539
=CAT  \\$aBATCH-UPD$b00$c20210126$lBLL01$h1322
=CAT  \\$aIPL-CLA$c20210126$lBLL01$h1447
=CAT  \\$aBATCH-UPD$b00$c20221121$lBLL01$h1423
=CAT  \\$aIPL-CLA$c20221231$lBLL01$h1443
=CAT  \\$aR2308-1440$c20230824$lBLL01$h0927
=CAT  \\$aIPL-CLA$c20230930$lBLL01$h0806
=CFI  0\$aCurrent copyright fee: GBP46.00$c2\0$e01-oct-2023$fGBP46.00$g0$hP$5Uk
=CFI  2\$aPrevious copyright fee: GBP46.00$c45\0$e01-jan-2023$fGBP46.00$g0$hP$5Uk
=FFP  \\$aY$bBLDSS-3PM
=FIN  \\$aY
=LEO  \\$aMP22.0000072099
=SRC  \\$aISN01$bbibmp22.200404.2.aa
=TCO  \\$aCLA$bCLA$c008
=TOC  \\$aETOC
=ACF  \\$aPrevious copyright fee: GBP57.00$c45\0$e05-nov-2013$fGBP57.00$g0$hP$5Uk
=ACF  \\$aPrevious copyright fee: GBP33.00$c45\0$e26-nov-2013$fGBP33.00$g0$hP$5Uk
=ACF  \\$aPrevious copyright fee: GBP34.00$c45\0$e01-jan-2016$fGBP34.00$g0$hP$5Uk
=ACF  \\$aPrevious copyright fee: GBP36.00$c45\0$e01-jan-2017$fGBP36.00$g0$hP$5Uk
=ACF  \\$aPrevious copyright fee: GBP38.00$c45\0$e01-jan-2018$fGBP38.00$g0$hP$5Uk
=ACF  \\$aPrevious copyright fee: GBP40.00$c45\0$e01-jan-2019$fGBP40.00$g0$hP$5Uk
=ACF  \\$aPrevious copyright fee: GBP44.00$c45\0$e26-jan-2021$fGBP44.00$g0$hP$5Uk
=LAS  \\$aIPL-CLA$b00$c20230930$lBLL01$h0806

