=LDR  03264cas a2200865 a 4500
=001  012900255
=003  Uk
=005  20230916114539.0
=006  m\\\\\\\\d\\\\\\\\
=007  cr\cn|||||||||
=008  041214d20042010enk\x\pss\\\\\0\\\a0eng\d
=FMT  \\$a  SE
=010  \\$a  2005243050
=015  \\$aGBB0C6478$2bnb
=016  7\$a101237904$2DNLM
=022  0\$a1743-8454$202
=035  \\$a(OCoLC)57226702
=040  \\$aTxSaSM$cTxSaSM$dDNLM$dNNU$dCU-S$dNNU$dCU-S$dUk$dUk
=042  \\$aissnuk$aukblsr
=050  14$aRC400$b.C47
=060  10$aW1
=082  04$a612.8042$222
=210  0\$aCerebrospinal fluid res.
=222  \0$aCerebrospinal fluid research
=245  00$aCerebrospinal fluid research$h[electronic resource].
=246  1\$iCalled also:$aCSFR
=260  \\$aLondon :$bBioMed Central,$c2004-2010.
=336  \\$atext$2rdacontent
=337  \\$acomputer$2rdamedia
=338  \\$aonline resource$2rdacarrier
=362  0\$a1:1 (10 Dec. 2004)-7:20 (5 Nov. 2010).
=580  \\$aIssues listed under the Web site of the later title: Fluids and barriers of the CNS.
=500  \\$aTitle from PDF caption (publisher Web site, viewed Jan. 14, 2005).
=500  \\$aLatest issue consulted: 2:3 (27 June 2005) (BioMed Central, viewed July 14, 2005).
=515  \\$aArticles added consecutively to current annual v.
=525  \\$aSupplements accompany some v.
=538  \\$aMode of access: World Wide Web.
=540  \\$aCurrent copyright fee: zero$c22\1$5Uk
=650  \0$aCerebrospinal fluid$xResearch$vPeriodicals.
=650  \0$aNeurology$vPeriodicals.
=650  \0$aNervous system$xDiseases$vPeriodicals.
=650  \0$aAlzheimer's disease$vPeriodicals.
=650  \0$aParkinson's disease$vPeriodicals.
=650  \0$aCerebrospinal fluid proteins$vPeriodicals.
=650  \0$aCerebrospinal fluid pressure$vPeriodicals.
=710  2\$aBioMed Central Ltd.
=785  10$tFluids and barriers of the CNS$x2045-8118
=856  \\$31850-9999$uhttp://link.springer.com/$xBLDSS
=856  40$uhttp://pubmedcentral.com/tocrender.fcgi?journal=289
=856  40$uhttp://www.cerebrospinalfluidresearch.com/
=945  \\$aCerebrospinal fluid research -Electronic edition-
=979  \\$aBritish Library$bDSC$j3120.037450N
=985  \\$aLegal Deposit ejournals
=CAT  \\$a8870$b40$c20040407$lTMP01$h1304
=CAT  \\$aEXLIBRIS$c20040606$lBLL01$h1132
=CAT  \\$a6537$b40$c20051110$lBLL01$h0805
=CAT  \\$a6537$b40$c20051110$lBLL01$h0812
=CAT  \\$a6810$b40$c20081021$lBLL01$h1129
=CAT  \\$a3072$b40$c20101021$lBLL01$h1659
=CAT  \\$a3072$b40$c20101021$lBLL01$h1700
=CAT  \\$a11316$b40$c20110201$lBLL01$h0831
=CAT  \\$a3072$b40$c20110714$lBLL01$h1510
=CAT  \\$aWR12_168$c20121206$lBLL01$h1815
=CAT  \\$a5552$b40$c20190122$lBLL01$h1215
=CAT  \\$aBATCH-UPD$b40$c20190123$lBLL01$h0053
=CAT  \\$aBLDSS-3PM$b00$c20190130$lBLL01$h1513
=CAT  \\$aBATCH-UPD$b00$c20190130$lBLL01$h1514
=CAT  \\$a5410$b40$c20230916$lBLL01$h1145
=CFI  0\$aCurrent copyright fee: zero$c22\1$e22-jan-2019$fGBP0.00$g0$hP$5Uk
=FFP  \\$aY$bBLDSS-3PM
=FIN  \\$aY$d20051110
=SRC  \\$aBLL02
=TCO  \\$aCLA$bCLA$c008
=UNO  \\$aY
=LAS  \\$a5410$b40$c20230916$lBLL01$h1145

