=LDR  03438aas a2200901 a 4500
=001  012900256
=003  Uk
=005  20210917123737.0
=006  m\\\\\\\\d\\\\\\\\
=007  cr\cn|||||||||
=008  041119d20042010enk\x\pso\\\\\0\\\a0eng\c
=FMT  \\$a  SE
=010  \\$a2004243900
=016  7\$a101235428$2DNLM
=016  7\$a2168956-8$2DE-600
=016  7\$a026753790$2de-101
=016  7\$a21689568$2de-600
=022  0\$a1743-8462$202
=035  \\$a(OCoLC)56997044$z(OCoLC)315919546
=040  \\$aOUN$cOUN$dNLM$dOCLCQ$dCUS$dOCLCQ$dHEBIS$dOCLCQ$dGBVCP$dUk
=042  \\$aissnuk$aukblsr
=043  \\$au-at---$au-nz---
=050  \4$aRA395
=060  10$aW1
=082  04$a362.1099$223
=222  \0$aAustralia & New Zealand health policy
=245  00$aAustralia and New Zealand health policy$h[electronic resource].
=260  \\$a[London] :$bBioMed Central,$c2004-2010.
=336  \\$atext$2rdacontent
=337  \\$acomputer$2rdamedia
=338  \\$aonline resource$2rdacarrier
=362  0\$a1:1 (17 Nov. 2004)-7:3 (7 Jan. 2010).
=500  \\$aTitle from issue PDF caption (publisher's Web site, viewed Dec. 3, 2004).
=500  \\$aLatest issue consulted: 2010, 7:3 (7 Jan. 2010) (viewed Dec. 21, 2012).
=515  \\$aArticles added consecutively to current annual volume.
=538  \\$aMode of access: World Wide Web.
=540  \\$aCurrent Copyright Fee: GBP15.00$c112\0$5Uk
=580  \\$aAbsorbed by the print and online formats of: Australian health review.
=650  \0$aPublic health$zAustralia$vPeriodicals.
=650  \0$aPublic health$zNew Zealand$vPeriodicals.
=650  \0$aMedical care$zAustralia$vPeriodicals.
=650  \0$aMedical care$zNew Zealand$vPeriodicals.
=650  \0$aMedical policy$zAustralia.
=650  \0$aMedical policy$zNew Zealand.
=650  12$aHealth Policy$zAustralia$vPeriodicals.
=650  12$aHealth Policy$zNew Zealand$vPeriodicals.
=785  14$tAustralian health review (Online)$x1449-8944
=785  14$tAustralian health review$x0156-5788
=856  \\$31850-9999$uhttp://www.publish.csiro.au/$xBLDSS
=856  4\$uhttp://bibpurl.oclc.org/web/10028
=856  4\$uhttp://bibpurl.oclc.org/web/10029
=856  40$uhttp://pubmedcentral.com/tocrender.fcgi?journal=288
=856  40$uhttp://www.anzhealthpolicy.com/home
=856  40$uhttps://www.publish.csiro.au/hp
=945  \\$aAustralia and New Zealand health policy
=979  \\$aBritish Library$cDSC$j1796.548000N
=CAT  \\$a8870$b40$c20040407$lTMP01$h1310
=CAT  \\$aEXLIBRIS$c20040606$lBLL01$h1132
=CAT  \\$a8870$b40$c20041129$lBLL01$h1034
=CAT  \\$a6971$b40$c20050422$lBLL01$h1403
=CAT  \\$a6810$b40$c20071108$lBLL01$h1455
=CAT  \\$a11313$b40$c20100303$lBLL01$h0857
=CAT  \\$aWR12_168$c20121206$lBLL01$h1815
=CAT  \\$a3072$b40$c20121221$lBLL01$h1246
=CAT  \\$a11313$b40$c20130207$lBLL01$h1353
=CAT  \\$a5552$b40$c20150501$lBLL01$h1347
=CAT  \\$aBLDSS-3PM$b00$c20150522$lBLL01$h1543
=CAT  \\$aBATCH-UPD$b00$c20160413$lBLL01$h1818
=CAT  \\$aBATCH-UPD$b00$c20160604$lBLL01$h2258
=CAT  \\$a5410$b40$c20161207$lBLL01$h1201
=CAT  \\$a8483$b40$c20210917$lBLL01$h1237
=CFI  0\$aCurrent Copyright Fee: GBP15.00$c112\0$e01-may-2015$fGBP15.00$g0$hP$5Uk
=FFP  \\$aY$bBLDSS-3PM
=FIN  \\$aY
=SID  \\$aZ39$bOCLC
=TCO  \\$aCLA$bCLA$c008
=UNO  \\$aY
=LAS  \\$a8483$b40$c20210917$lBLL01$h1237

