=LDR  03459 as a22008297a 4500
=001  012901720
=003  Uk
=005  20191231192648.0
=006  m\\\\\\\\d\|\\\\\\
=007  cr||||||||||||
=008  040421c20009999enk\x\\\\\\\\\0\\\a0eng\\
=FMT  \\$a  SE
=022  \\$a1600-5449$202
=040  \\$aUk$beng$cUk
=042  \\$aissnuk
=210  0\$aActa neurol. Scand., Suppl.$b(Online)
=222  \0$aActa neurologica Scandinavica. Supplement$b(Online)
=245  00$aActa neurologica Scandinavica$h[electronic resource].$p[Supplement].
=260  \\$aOxford :$bBlackwell Publishing
=310  \\$aIrregular
=336  \\$atext$2rdacontent
=337  \\$acomputer$2rdamedia
=338  \\$aonline resource$2rdacarrier
=540  \\$aCurrent Copyright Fee: GBP39.00$c35\0$5Uk
=776  0\$tActa neurologica Scandinavica. Supplementum$x0065-1427
=772  0\$tActa neurologica Scandinavica$c(Online)$x1600-0404
=856  \\$31850-9999$uhttp://onlinelibrary.wiley.com/$xBLDSS
=856  40$uhttp://www.blackwell-synergy.com/loi/ane
=945  \\$aActa neurologica Scandinavica Supplementum.
=979  \\$aBritish Library$bDSC$j0639.912000
=985  \\$aResponsibility for ISSN taken by ISSN UK from ISSN Denmark, May 2003
=CAT  \\$a8201$b40$c20040421$lTMP01$h0930
=CAT  \\$a8456$b40$c20050622$lBLL01$h1603
=CAT  \\$a8456$b40$c20050623$lBLL01$h1210
=CAT  \\$a11316$b40$c20071207$lBLL01$h1439
=CAT  \\$a11316$b40$c20071210$lBLL01$h1227
=CAT  \\$a11316$b40$c20071210$lBLL01$h1235
=CAT  \\$aBATCH-CLA$b00$c20080829$lBLL01$h1850
=CAT  \\$aBATCH-UPD$b00$c20081001$lBLL01$h0009
=CAT  \\$aBATCH$b00$c20081001$lBLL01$h0126
=CAT  \\$aBATCH-UPD$b00$c20101201$lBLL01$h1249
=CAT  \\$aIPL-CLA$c20101231$lBLL01$h1512
=CAT  \\$aWR11_203$c20111204$lBLL01$h1508
=CAT  \\$aIPL-CLA$c20111230$lBLL01$h2018
=CAT  \\$aBATCH-CLA$b00$c20121109$lBLL01$h1731
=CAT  \\$aBATCH-CLA$c20131220$lBLL01$h2027
=CAT  \\$aIPL-CLA$c20131231$lBLL01$h2336
=CAT  \\$aBATCH-CLA$b00$c20140829$lBLL01$h1544
=CAT  \\$aIPL-CLA$c20140930$lBLL01$h1634
=CAT  \\$aBATCH-CLA$b00$c20150227$lBLL01$h1631
=CAT  \\$aIPL-CLA$c20150331$lBLL01$h1635
=CAT  \\$aBATCH-CLA$b00$c20150828$lBLL01$h1541
=CAT  \\$aIPL-CLA$c20150930$lBLL01$h1802
=CAT  \\$a5552$b40$c20191203$lBLL01$h1403
=CAT  \\$aBLDSS-3PM$b00$c20191211$lBLL01$h0809
=CAT  \\$aBATCH-UPD$b00$c20191211$lBLL01$h0809
=CAT  \\$aIPL-CLA$c20191231$lBLL01$h1926
=CFI  0\$aCurrent Copyright Fee: GBP39.00$c35\0$e01-jan-2020$fGBP39.00$g0$hP$5Uk
=CFI  2\$aPrevious Copyright Fee: GBP28.00$c35\0$e03-dec-2019$fGBP28.00$g0$hP$5Uk
=FFP  \\$aY$bBLDSS-3PM
=FIN  \\$aY$d20071207
=TCO  \\$aCLA$bCLA$c008
=TOC  \\$aETOC
=UNO  \\$aY
=ACF  \\$aBritish Library not licensed to copy$c0$e01-oct-2008$hC$iCLA Excluded$5Uk
=ACF  \\$aPrevious copyright fee: GBP10.50$c0$e01-jan-2011$fGBP10.50$g0$hA$5Uk
=ACF  \\$aPrevious copyright fee: GBP12.00$c0$e01-jan-2012$fGBP12.00$g0$hA$5Uk
=ACF  \\$aPrevious Copyright Fee: GBP12.30$c0$e01-jan-2014$fGBP12.30$g0$hA$5Uk
=ACF  \\$aPrevious Copyright Fee: GBP21.21$c0$e01-oct-2014$fGBP21.21$g0$hC$5Uk
=ACF  \\$aPrevious Copyright Fee: GBP22.58$c0$e01-oct-2015$fGBP22.58$g0$hC$5Uk
=ACF  \\$aBritish Library not licensed to copy$c0$e01-apr-2015$hC$iCFP Excluded$5Uk
=LAS  \\$aIPL-CLA$b00$c20191231$lBLL01$h1926

