=LDR  03581 as a22008417a 4500
=001  012901731
=003  Uk
=005  20200331161243.0
=006  m\\\\\\\\d\|\\\\\\
=007  cr||||||||||||
=008  040421c20009999enk\x\p\\\\\\\0\\\a0eng\\
=FMT  \\$a  SE
=022  \\$a1600-5465$202
=040  \\$aUk$beng$cUk
=042  \\$aissnuk
=222  \0$aActa ophthalmologica Scandinavica. Supplement$b(Online)
=245  00$aActa ophthalmologica Scandinavica$h[electronic resource].$pSupplement
=246  30$aSupplement
=260  \\$aOxford :$bBlackwell Publishing
=310  \\$aIrregular
=336  \\$atext$2rdacontent
=337  \\$acomputer$2rdamedia
=338  \\$aonline resource$2rdacarrier
=540  \\$aCurrent copyright fee: GBP32.00$c35\0$5Uk
=776  0\$tActa ophthalmologica Scandinavica. Supplement$x1395-3931
=772  0\$tActa ophthalmologica Scandinavica$c(Online)$x1600-0420
=785  00$tActa ophthalmologica. Supplement (Online)$x1755-3784
=856  \\$31850-9999$uhttp://onlinelibrary.wiley.com/$xBLDSS
=856  40$uhttp://www.blackwell-synergy.com/loi/aos
=945  \\$aACTA OPHTHALMOLOGICA SCANDINAVICA -SUPPLEMENT-.
=979  \\$aBritish Library$bDSC$j0641.754000
=985  \\$aResponsibility for ISSN taken by ISSN UK from ISSN Denmark, May 2003
=CAT  \\$a8201$b40$c20040421$lTMP01$h0945
=CAT  \\$aBATCH-UPD$b00$c20081001$lBLL01$h0009
=CAT  \\$aBATCH$b00$c20081001$lBLL01$h0126
=CAT  \\$aBATCH-UPD$b00$c20101201$lBLL01$h1249
=CAT  \\$aIPL-CLA$c20101231$lBLL01$h1512
=CAT  \\$a11315$b40$c20111018$lBLL01$h0911
=CAT  \\$aWR11_203$c20111204$lBLL01$h1508
=CAT  \\$aIPL-CLA$c20111230$lBLL01$h2018
=CAT  \\$aBATCH-CLA$b00$c20121109$lBLL01$h1731
=CAT  \\$aBATCH-CLA$c20131220$lBLL01$h2027
=CAT  \\$aIPL-CLA$c20131231$lBLL01$h2336
=CAT  \\$aBATCH-CLA$b00$c20141128$lBLL01$h0927
=CAT  \\$aIPL-CLA$c20141231$lBLL01$h1651
=CAT  \\$a5552$b40$c20150226$lBLL01$h0842
=CAT  \\$aBLDSS-3PM$b00$c20150513$lBLL01$h0806
=CAT  \\$aBATCH-UPD$b00$c20160413$lBLL01$h1818
=CAT  \\$a5552$b40$c20160923$lBLL01$h1306
=CAT  \\$a5410$b40$c20161121$lBLL01$h1517
=CAT  \\$aW1703-0316$c20170306$lBLL01$h1824
=CAT  \\$aW1703-0316$c20170307$lBLL01$h1647
=CAT  \\$aIPL-CLA$c20170307$lBLL01$h1824
=CAT  \\$aBATCH-UPD$b00$c20180219$lBLL01$h1745
=CAT  \\$a5552$b40$c20181206$lBLL01$h1208
=CAT  \\$aIPL-CLA$c20181231$lBLL01$h1540
=CAT  \\$aBATCH-UPD$b00$c20200219$lBLL01$h1541
=CAT  \\$aIPL-CLA$c20200331$lBLL01$h1612
=CFI  0\$aCurrent copyright fee: GBP32.00$c35\0$e01-apr-2020$fGBP32.00$g0$hP$5Uk
=CFI  2\$aPrevious copyright fee: GBP28.00$c35\0$e01-jan-2019$fGBP28.00$g0$hP$5Uk
=FFP  \\$aY$bBLDSS-3PM
=FIN  \\$aY$d20070719
=TCO  \\$aCLA$bCLA$c008
=UNO  \\$aY
=ACF  \\$aBritish Library not licensed to copy$c0$e01-oct-2008$hC$iCLA Excluded$5Uk
=ACF  \\$aPrevious copyright fee: GBP10.50$c0$e01-jan-2011$fGBP10.50$g0$hA$5Uk
=ACF  \\$aPrevious copyright fee: GBP12.00$c0$e01-jan-2012$fGBP12.00$g0$hA$5Uk
=ACF  \\$aPrevious Copyright Fee: GBP21.21$c0$e01-jan-2015$fGBP21.21$g0$hC$5Uk
=ACF  \\$aPrevious Copyright Fee: GBP12.30$c0$e01-jan-2014$fGBP12.30$g0$hA$5Uk
=ACF  \\$aPrevious Copyright Fee: GBP22.00$c35\0$e07-mar-2017$fGBP22.00$g0$hP$5Uk
=ACF  \\$aPrevious Copyright Fee: GBP22.00$c10\0$e26-feb-2015$fGBP22.00$g0$hP$5Uk
=ACF  \\$aPrevious copyright fee: GBP24.00$c35\0$e06-dec-2018$fGBP24.00$g0$hP$5Uk
=LAS  \\$aIPL-CLA$b00$c20200331$lBLL01$h1612

