=LDR  03395 as a22008177a 4500
=001  012901737
=003  Uk
=005  20191231192648.0
=006  m\\\\\\\\d\|\\\\\\
=007  cr||||||||||||
=008  040421c20009999enk\x\m\\\\\\\0\\\a0eng\\
=FMT  \\$a  SE
=022  0\$a1600-5473$202
=040  \\$aUk$beng$cUk
=042  \\$aissnuk
=210  0\$aActa psychiatr. Scand., Suppl.$b(Online)
=222  \0$aActa psychiatrica Scandinavica. Supplementum$b(Online)
=245  00$aActa psychiatrica Scandinavica.$pSupplementum$h[electronic resource].
=260  \\$aOxford :$bBlackwell
=310  \\$aIrregular
=336  \\$atext$2rdacontent
=337  \\$acomputer$2rdamedia
=338  \\$aonline resource$2rdacarrier
=540  \\$aCurrent Copyright Fee: GBP39.00$c35\0$5Uk
=772  0\$tActa psychiatrica Scandinavica.$c(Online)$x1600-0447
=776  0\$tActa psychiatrica Scandinavica. Supplementum$x0065-1591
=856  \\$31850-9999$uhttp://onlinelibrary.wiley.com/$xBLDSS
=856  40$uhttp://www.blackwellpublishing.com/journal.asp?ref=0001-690X&site=1
=945  \\$aACTA PSYCHIATRICA SCANDINAVICA SUPPLEMENTUM.
=979  \\$aBritish Library$bDSC$j0661.472000
=985  \\$aResponsibility for ISSN taken by ISSN UK from ISSN Denmark, 09.06.07.
=CAT  \\$a8201$b40$c20040421$lTMP01$h0952
=CAT  \\$aEXLIBRIS$c20040606$lBLL01$h1132
=CAT  \\$a8456$b40$c20050622$lBLL01$h1551
=CAT  \\$a8456$b40$c20050623$lBLL01$h1307
=CAT  \\$a6537$b40$c20070609$lBLL01$h0850
=CAT  \\$a6537$b40$c20070609$lBLL01$h0900
=CAT  \\$a6537$b40$c20070609$lBLL01$h1039
=CAT  \\$aBATCH-CLA$b00$c20080829$lBLL01$h1837
=CAT  \\$aBATCH-CLA$b00$c20080829$lBLL01$h1850
=CAT  \\$aBATCH-UPD$b00$c20081001$lBLL01$h0009
=CAT  \\$aBATCH$b00$c20081001$lBLL01$h0126
=CAT  \\$aBATCH-UPD$b00$c20101201$lBLL01$h1249
=CAT  \\$aIPL-CLA$c20101231$lBLL01$h1512
=CAT  \\$aWR11_203$c20111204$lBLL01$h1508
=CAT  \\$aIPL-CLA$c20111230$lBLL01$h2018
=CAT  \\$aBATCH-CLA$b00$c20121109$lBLL01$h1731
=CAT  \\$aBATCH-CLA$c20131220$lBLL01$h2027
=CAT  \\$aIPL-CLA$c20131231$lBLL01$h2336
=CAT  \\$aBATCH-CLA$b00$c20161222$lBLL01$h1802
=CAT  \\$aIPL-CLA$c20161230$lBLL01$h2123
=CAT  \\$aBATCH-CLA$b00$c20171222$lBLL01$h2123
=CAT  \\$aIPL-CLA$c20171231$lBLL01$h1630
=CAT  \\$a5552$b40$c20191203$lBLL01$h1412
=CAT  \\$aBLDSS-3PM$b00$c20191211$lBLL01$h0809
=CAT  \\$aBATCH-UPD$b00$c20191211$lBLL01$h0809
=CAT  \\$aIPL-CLA$c20191231$lBLL01$h1926
=CFI  0\$aCurrent Copyright Fee: GBP39.00$c35\0$e01-jan-2020$fGBP39.00$g0$hP$5Uk
=CFI  2\$aPrevious copyright fee: GBP28.00$c35\0$e03-dec-2019$fGBP28.00$g0$hP$5Uk
=FFP  \\$aY$bBLDSS-3PM
=FIN  \\$aY$d20070609
=TCO  \\$aCLA$bCLA$c008
=TOC  \\$aETOC
=UNO  \\$aY
=ACF  \\$aBritish Library not licensed to copy$c0$e01-oct-2008$hC$iCLA Excluded$5Uk
=ACF  \\$aPrevious copyright fee: GBP10.50$c0$e01-jan-2011$fGBP10.50$g0$hA$5Uk
=ACF  \\$aPrevious copyright fee: GBP12.00$c0$e01-jan-2012$fGBP12.00$g0$hA$5Uk
=ACF  \\$aPrevious Copyright Fee: GBP12.30$c0$e01-jan-2014$fGBP12.30$g0$hA$5Uk
=ACF  \\$aPrevious Copyright Fee: GBP17.50$c0$e01-jan-2018$fGBP17.50$g0$hA$5Uk
=ACF  \\$aPrevious Copyright Fee: GBP15.00$c0$e01-jan-2017$fGBP15.00$g0$hA$5Uk
=LAS  \\$aIPL-CLA$b00$c20191231$lBLL01$h1926

