=LDR  02800cas a22006737a 4500
=001  012901952
=003  Uk
=005  20230930110043.0
=006  m\\\\\\\\d\|\\\\\\
=007  cr||||||||||||
=008  040421c20049999enk\x\m\s\\\\\0\\\a0eng\\
=FMT  \\$a  SE
=022  0\$a1743-1395$202
=040  \\$aUk$beng$cUk
=042  \\$aissnuk
=210  0\$aAnn. med., Suppl.$b(Online)
=222  \0$aAnnals of medicine. Supplement$b(Online)
=245  00$aAnnals of medicine.$pSupplement.
=260  \\$aAbingdon :$bTaylor & Francis
=336  \\$atext$2rdacontent
=337  \\$acomputer$2rdamedia
=338  \\$aonline resource$2rdacarrier
=540  \\$aCurrent copyright fee: GBP46.00$c2\0$5Uk
=772  0\$tAnnals of medicine (Helsinki, Finland : Online)$x1365-2060
=776  0\$tAnnals of medicine. Supplement$c(Print)$x1743-1387
=856  \\$31850-9999$uhttp://www.tandfonline.com/$xBLDSS
=856  40$uhttp://www.tandf.co.uk/journals/titles/07853890.asp
=945  \\$aAnnals of medicine -supplement-
=979  \\$aBritish Library$bDSC$j1043.131100N
=CAT  \\$a8323$b40$c20040421$lTMP01$h1314
=CAT  \\$aEXLIBRIS$c20040606$lBLL01$h1132
=CAT  \\$a6537$b40$c20070208$lBLL01$h0757
=CAT  \\$a5552$b40$c20161010$lBLL01$h1440
=CAT  \\$aBLDSS-3PM$b00$c20161102$lBLL01$h1054
=CAT  \\$aBATCH-UPD$b00$c20161102$lBLL01$h1054
=CAT  \\$aBATCH-UPD$b00$c20161122$lBLL01$h1538
=CAT  \\$aIPL-CLA$c20161230$lBLL01$h2123
=CAT  \\$aBATCH-UPD$b00$c20171121$lBLL01$h1718
=CAT  \\$aIPL-CLA$c20171231$lBLL01$h1630
=CAT  \\$aBATCH-UPD$b00$c20181217$lBLL01$h1705
=CAT  \\$aIPL-CLA$c20181231$lBLL01$h1540
=CAT  \\$aBATCH-UPD$b00$c20210126$lBLL01$h1322
=CAT  \\$aIPL-CLA$c20210126$lBLL01$h1458
=CAT  \\$aBATCH-UPD$b00$c20221121$lBLL01$h1423
=CAT  \\$aIPL-CLA$c20221231$lBLL01$h2054
=CAT  \\$aR2308-1440$c20230824$lBLL01$h0927
=CAT  \\$aIPL-CLA$c20230930$lBLL01$h1100
=CFI  0\$aCurrent copyright fee: GBP46.00$c2\0$e01-oct-2023$fGBP46.00$g0$hP$5Uk
=CFI  2\$aPrevious copyright fee: GBP46.00$c45\0$e01-jan-2023$fGBP46.00$g0$hP$5Uk
=FFP  \\$aY$bBLDSS-3PM
=FIN  \\$aY$d20070208
=LKR  \\$aPAR$b013352014$lBLL01$r772$mAnnals of medicine. Supplement (Online)$nAnnals of medicine (Online)
=TCO  \\$aCLA$bCLA$c008
=ACF  \\$aPrevious copyright fee: GBP34.00$c45\0$e10-oct-2016$fGBP34.00$g0$hP$5Uk
=ACF  \\$aPrevious copyright fee: GBP36.00$c45\0$e01-jan-2017$fGBP36.00$g0$hP$5Uk
=ACF  \\$aPrevious copyright fee: GBP38.00$c45\0$e01-jan-2018$fGBP38.00$g0$hP$5Uk
=ACF  \\$aPrevious copyright fee: GBP40.00$c45\0$e01-jan-2019$fGBP40.00$g0$hP$5Uk
=ACF  \\$aPrevious copyright fee: GBP44.00$c45\0$e26-jan-2021$fGBP44.00$g0$hP$5Uk
=LAS  \\$aIPL-CLA$b00$c20230930$lBLL01$h1100

