=LDR  03725cas a22008177a 4500
=001  012905766
=003  Uk
=005  20230511162842.0
=006  m\\\\\\\\d\|\\\\\\
=007  cr||||||||||||
=008  040427c20049999enkuu\p\\\\\\\0\\\a0eng\\
=FMT  \\$a  SE
=022  \\$a1742-786X$202
=040  \\$aUk$beng$cUk
=042  \\$aissnuk
=222  \0$aBasic & clinical pharmacology & toxicology. Supplement$b(Online)
=245  00$aBasic & clinical pharmacology & toxicology.$h[electronic resource].$pSupplement.
=246  3\$aBasic and clinical pharmacology and toxicology
=260  \\$aCopenhagen :$bNordic Pharmacological Society$a[Oxford] :$bBlackwell Munksgaard [distributor]$c2004-
=336  \\$atext$2rdacontent
=337  \\$acomputer$2rdamedia
=338  \\$aonline resource$2rdacarrier
=540  \\$aCurrent Copyright Fee: GBP32.00$c35\0$5Uk
=772  0\$tBasic & clinical pharmacology & toxicology$c(Online)$x1742-7843
=776  0\$tBasic & clinical toxicology & pharmacology. Supplement$c(Print)$x1742-7851
=780  00$tPharmacology & toxicology. Supplement$c(Online)$x1600-5570
=856  \\$31850-9999$uhttp://onlinelibrary.wiley.com/$xBLDSS
=856  40$uhttp://www.blackwell-synergy.com/servlet/useragent?func=showIssues&code=pto
=979  \\$aBritish Library$bDSC$j6447.075500N
=CAT  \\$a2941$b40$c20040427$lTMP01$h1228
=CAT  \\$aBATCH-CLA$b00$c20080829$lBLL01$h1850
=CAT  \\$aBATCH-UPD$b00$c20081001$lBLL01$h0009
=CAT  \\$aBATCH$b00$c20081001$lBLL01$h0126
=CAT  \\$aBATCH-UPD$b00$c20101201$lBLL01$h1249
=CAT  \\$aIPL-CLA$c20101231$lBLL01$h1512
=CAT  \\$a8483$b40$c20110621$lBLL01$h1019
=CAT  \\$aWR11_203$c20111204$lBLL01$h1508
=CAT  \\$aIPL-CLA$c20111230$lBLL01$h2018
=CAT  \\$aBATCH-CLA$b00$c20121109$lBLL01$h1731
=CAT  \\$aBATCH-CLA$c20131220$lBLL01$h2027
=CAT  \\$aIPL-CLA$c20131231$lBLL01$h2336
=CAT  \\$aBATCH-CLA$b00$c20161222$lBLL01$h1802
=CAT  \\$aIPL-CLA$c20161230$lBLL01$h2123
=CAT  \\$aBATCH-CLA$b00$c20171222$lBLL01$h2123
=CAT  \\$aIPL-CLA$c20171231$lBLL01$h1630
=CAT  \\$aBATCH-CLA$b00$c20191219$lBLL01$h1731
=CAT  \\$aIPL-CLA$c20191231$lBLL01$h1926
=CAT  \\$aR2001-1524$c20200127$lBLL01$h2004
=CAT  \\$aBATCH-CLA$b00$c20201204$lBLL01$h1531
=CAT  \\$aIPL-CLA$c20201231$lBLL01$h2150
=CAT  \\$a12654$b40$c20210803$lBLL01$h0757
=CAT  \\$a12654$b40$c20210803$lBLL01$h0801
=CAT  \\$aBATCH-UNOA$c20210803$lBLL01$h2320
=CAT  \\$aBLDSS-3PM$b00$c20210810$lBLL01$h0905
=CAT  \\$aBATCH-UPD$b00$c20210810$lBLL01$h0905
=CAT  \\$aBATCH-FIX$c20230511$lBLL01$h1628
=CFI  0\$aCurrent Copyright Fee: GBP32.00$c35\0$e03-aug-2021$fGBP32.00$g0$hP$5Uk
=CFI  2\$aPrevious Copyright Fee: GBP22.50$c0$e01-jan-2021$fGBP22.50$g0$hA$5Uk
=FFP  \\$aY$bBLDSS-3PM
=FIN  \\$aY$d20070402
=LKR  \\$aPAR$b012089525$lBLL01$r78000$mBasic & clinical pharmacology & toxicology. Supplement (Online)$nPharmacology & toxicology. [Supplement] (Online)
=TCO  \\$aCLA$bCLA$c008
=UNO  \\$aY
=ACF  \\$aPrevious Copyright Fee: GBP20.00$c0$e01-jan-2020$fGBP20.00$g0$hA$5Uk
=ACF  \\$aBritish Library not licensed to copy$c0$e01-oct-2008$hC$iCLA Excluded$5Uk
=ACF  \\$aPrevious copyright fee: GBP10.50$c0$e01-jan-2011$fGBP10.50$g0$hA$5Uk
=ACF  \\$aPrevious copyright fee: GBP12.00$c0$e01-jan-2012$fGBP12.00$g0$hA$5Uk
=ACF  \\$aPrevious Copyright Fee: GBP12.30$c0$e01-jan-2014$fGBP12.30$g0$hA$5Uk
=ACF  \\$aPrevious Copyright Fee: GBP15.00$c0$e01-jan-2017$fGBP15.00$g0$hA$5Uk
=ACF  \\$aPrevious Copyright Fee: GBP17.50$c0$e01-jan-2018$fGBP17.50$g0$hA$5Uk
=LAS  \\$aBATCH-FIX$b00$c20230511$lBLL01$h1628

