=LDR  03145cas a22007337a 4500
=001  012906130
=003  Uk
=005  20211231171711.0
=006  m\\\\\\\\d\|\\\\\\
=007  cr||||||||||||
=008  040427d19992003enkqr\p\\\\\\\0\\\a0eng\\
=FMT  \\$a  SE
=022  0\$a1476-9417
=040  \\$aUk$beng$cUk
=210  0\$aClin. acupunct. orient. med.$b(Online)
=222  \0$aClinical acupuncture and oriental medicine$b(Online)
=245  00$aClinical acupuncture and oriental medicine.
=260  \\$aOxford :$bElsevier Science,$c1999-2003.
=310  \\$aQuarterly
=336  \\$atext$2rdacontent
=337  \\$acomputer$2rdamedia
=338  \\$aonline resource$2rdacarrier
=362  0\$aVol. 1, issue 1, (June 1999)-vol. 4, issue 4 (Dec. 2003).
=540  \\$aCurrent copyright fee: GBP34.30$c5\1$5Uk
=776  0\$tClinical acupuncture and oriental medicine$x1461-1449
=856  \\$31850-9999$uhttp://www.sciencedirect.com/$xBLDSS
=856  40$uhttp://www.sciencedirect.com/science/journals
=985  \\$aISSN note: responsibility for ISSN transferred to Netherlands ISSN Centre under multinational publisher agreement (Elsevier). 29.08.12.
=CAT  \\$a8201$b40$c20040427$lTMP01$h1500
=CAT  \\$aEXLIBRIS$c20040606$lBLL01$h1133
=CAT  \\$a8201$b40$c20040810$lBLL01$h1210
=CAT  \\$a11316$b40$c20070925$lBLL01$h1145
=CAT  \\$aBATCH-CLA$b00$c20080829$lBLL01$h1833
=CAT  \\$aBATCH-UPD$b00$c20081001$lBLL01$h0009
=CAT  \\$aBATCH$b00$c20081001$lBLL01$h0126
=CAT  \\$aBATCH-UPD$b00$c20101201$lBLL01$h1249
=CAT  \\$aIPL-CLA$c20101231$lBLL01$h1512
=CAT  \\$aWR11_203$c20111204$lBLL01$h1508
=CAT  \\$aIPL-CLA$c20111230$lBLL01$h2018
=CAT  \\$aBATCH-CLA$b00$c20121109$lBLL01$h1731
=CAT  \\$aBATCH-CLA$c20131220$lBLL01$h2027
=CAT  \\$aIPL-CLA$c20131231$lBLL01$h2336
=CAT  \\$a11315$b40$c20140829$lBLL01$h0959
=CAT  \\$a5552$b40$c20160922$lBLL01$h0855
=CAT  \\$aBLDSS-3PM$b00$c20160927$lBLL01$h1707
=CAT  \\$aBATCH-UPD$b00$c20160927$lBLL01$h1717
=CAT  \\$aBATCH-UPD$b00$c20171121$lBLL01$h1743
=CAT  \\$aIPL-CLA$c20171231$lBLL01$h1630
=CAT  \\$aBATCH-UPD$b00$c20190521$lBLL01$h1435
=CAT  \\$aIPL-CLA$c20190630$lBLL01$h1532
=CAT  \\$aBATCH-UPD$b00$c20211119$lBLL01$h1553
=CAT  \\$aIPL-CLA$c20211231$lBLL01$h1717
=CFI  0\$aCurrent copyright fee: GBP34.30$c5\1$e01-jan-2022$fGBP34.30$g0$hP$5Uk
=CFI  2\$aPrevious copyright fee: GBP32.84$c5\1$e01-jul-2019$fGBP32.84$g0$hP$5Uk
=FFP  \\$aY$bBLDSS-3PM
=FIN  \\$aY
=TCO  \\$aCLA$bCLA$c008
=ACF  \\$aPrevious Copyright Fee: GBP19.00$c0$e01-oct-2008$fGBP19.00$g0$hC$5Uk
=ACF  \\$aPrevious copyright fee: GBP10.50$c0$e01-jan-2011$fGBP10.50$g0$hA$5Uk
=ACF  \\$aPrevious Copyright Fee: GBP12.30$c0$e01-jan-2014$fGBP12.30$g0$hA$5Uk
=ACF  \\$aPrevious copyright fee: GBP12.00$c0$e01-jan-2012$fGBP12.00$g0$hA$5Uk
=ACF  \\$aPrevious Copyright Fee: GBP22.50$c5\1$e22-sep-2016$fGBP22.50$g0$hP$5Uk
=ACF  \\$aPrevious copyright fee: GBP23.40$c5\1$e01-jan-2018$fGBP23.40$g0$hP$5Uk
=LAS  \\$aIPL-CLA$b00$c20211231$lBLL01$h1717

