=LDR  02702 as a22006857a 4500
=001  012907062
=003  Uk
=005  20200331161245.0
=006  m\\\\\\\\d\|\\\\\\
=007  cr||||||||||||
=008  040428c20009999enk\x\p\s\\\\\0\\\a0eng\\
=FMT  \\$a  SE
=022  \\$a1600-5538$202
=040  \\$aUk$beng$cUk
=042  \\$aissnuk
=210  0\$aClin. transplant., Suppl.$b(Online)
=222  \0$aClinical transplantation. Supplement$b(Online)
=245  00$aClinical transplantation.$pSupplement$h[electronic resource].
=260  \\$aOxford :$bBlackwell
=336  \\$atext$2rdacontent
=337  \\$acomputer$2rdamedia
=338  \\$aonline resource$2rdacarrier
=540  \\$aCurrent copyright fee: GBP32.00$c35\0$5Uk
=776  0\$tClinical transplantation. Supplement$x1399-6738
=772  0\$tClinical transplantation (Online)$x1399-0012
=856  \\$31850-9999$uhttp://onlinelibrary.wiley.com/$xBLDSS
=856  40$uhttp://www.blackwell-synergy.com/loi/ctr
=945  \\$aClinical transplantation -supplement-.
=979  \\$aBritish Library$bDSC$j3286.399785N
=985  \\$aISSN responsibility transferred from ISSN Denmark 2003.
=985  \\$aISSN RECORD ONLY
=CAT  \\$a8201$b40$c20040428$lTMP01$h1159
=CAT  \\$aEXLIBRIS$c20040606$lBLL01$h1133
=CAT  \\$a11316$b40$c20080103$lBLL01$h1104
=CAT  \\$a5552$b40$c20131004$lBLL01$h1101
=CAT  \\$a11316$b40$c20140905$lBLL01$h1230
=CAT  \\$aBLDSS-3PM$b00$c20141214$lBLL01$h1522
=CAT  \\$aBATCH-UPD$b00$c20150215$lBLL01$h1624
=CAT  \\$aIPL-CLA$c20150228$lBLL01$h2047
=CAT  \\$aBATCH-UPD$b00$c20160413$lBLL01$h1818
=CAT  \\$a5552$b40$c20161222$lBLL01$h0836
=CAT  \\$a5410$b40$c20170106$lBLL01$h0935
=CAT  \\$aW1703-0316$c20170306$lBLL01$h1824
=CAT  \\$aW1703-0316$c20170307$lBLL01$h1647
=CAT  \\$aIPL-CLA$c20170307$lBLL01$h1824
=CAT  \\$aBATCH-UPD$b00$c20180219$lBLL01$h1745
=CAT  \\$aBATCH-UPD$b00$c20181121$lBLL01$h1621
=CAT  \\$aIPL-CLA$c20181231$lBLL01$h1540
=CAT  \\$aBATCH-UPD$b00$c20200219$lBLL01$h1541
=CAT  \\$aIPL-CLA$c20200331$lBLL01$h1612
=CFI  0\$aCurrent copyright fee: GBP32.00$c35\0$e01-apr-2020$fGBP32.00$g0$hP$5Uk
=CFI  2\$aPrevious copyright fee: GBP28.00$c35\0$e01-jan-2019$fGBP28.00$g0$hP$5Uk
=FFP  \\$aY$bBLDSS-3PM
=FIN  \\$aY$d20080103
=TCO  \\$aCLA$bCLA$c008
=UNO  \\$aY
=ACF  \\$aPrevious copyright fee: GBP22.00$c10\0$e04-oct-2013$fGBP22.00$g0$hP$5Uk
=ACF  \\$aPrevious copyright fee: GBP24.00$c10\0$e01-mar-2015$fGBP24.00$g0$hP$5Uk
=ACF  \\$aPrevious copyright fee: GBP24.00$c35\0$e07-mar-2017$fGBP24.00$g0$hP$5Uk
=LAS  \\$aIPL-CLA$b00$c20200331$lBLL01$h1612

