=LDR  03372 as a22008297a 4500
=001  012908265
=003  Uk
=005  20170427110502.0
=006  m\\\\\\\\d\|\\\\\\
=007  cr||||||||||||
=008  040430c20029999enkuu\p\s\\\\\0\\\a0eng\\
=FMT  \\$a  SE
=022  0\$a1477-285X$202
=040  \\$aUk$beng$cUk
=042  \\$aissnuk
=222  \0$aJournal of Jewish thought & philosophy$b(Online)
=245  00$aJournal of Jewish thought & philosophy.
=246  3\$aJournal of Jewish thought and philosophy
=260  \\$a[Abingdon] :$bTaylor & Francis
=336  \\$atext$2rdacontent
=337  \\$acomputer$2rdamedia
=338  \\$aonline resource$2rdacarrier
=540  \\$aCurrent copyright fee: GBP22.00$c74\0$5Uk
=776  0\$tJournal of Jewish thought & philosophy$c(Print)$x1053-699X
=856  \\$31850-9999$uhttp://www.brill.com/$xBLDSS
=856  4\$uhttp://www.ingentaconnect.com/content/brill/gjtp
=945  \\$aJournal of Jewish thought and philosophy.
=979  \\$aBritish Library$bDSC$j5009.630000
=CAT  \\$a9604$b40$c20040430$lTMP01$h1120
=CAT  \\$c20051230$lBLL01$h2020
=CAT  \\$c20051230$lBLL01$h2147
=CAT  \\$c20051230$lBLL01$h2328
=CAT  \\$aBATCH-CLA$b00$c20060228$lBLL01$h1747
=CAT  \\$c20060404$lBLL01$h2302
=CAT  \\$c20060404$lBLL01$h0058
=CAT  \\$c20060405$lBLL01$h0234
=CAT  \\$aBATCH-CLA$b00$c20060531$lBLL01$h1725
=CAT  \\$a11439$b40$c20060612$lBLL01$h1458
=CAT  \\$a11439$b40$c20060612$lBLL01$h1500
=CAT  \\$c20060701$lBLL01$h0330
=CAT  \\$c20060701$lBLL01$h0439
=CAT  \\$c20060701$lBLL01$h0549
=CAT  \\$aBATCH-UPD$b00$c20101201$lBLL01$h1249
=CAT  \\$aIPL-CLA$c20101231$lBLL01$h1512
=CAT  \\$aWR11_203$c20111204$lBLL01$h1508
=CAT  \\$aIPL-CLA$c20111230$lBLL01$h2018
=CAT  \\$a8439$b40$c20121105$lBLL01$h1357
=CAT  \\$aBATCH-CLA$b00$c20121109$lBLL01$h1731
=CAT  \\$aBLDSS-3PM$b00$c20150131$lBLL01$h2312
=CAT  \\$aBATCH-UPD$b00$c20160413$lBLL01$h1818
=CAT  \\$aBATCH-UPD$b00$c20160524$lBLL01$h2300
=CAT  \\$aBATCH-UPD$b00$c20160525$lBLL01$h0651
=CAT  \\$a5552$b40$c20170419$lBLL01$h0912
=CAT  \\$a5410$b40$c20170427$lBLL01$h1105
=CFI  0\$aCurrent copyright fee: GBP22.00$c74\0$e05-nov-2012$fGBP22.00$g0$hP$5Uk
=CFI  2\$aPrevious copyright fee: GBP12.00$c0$e01-jan-2012$fGBP12.00$g0$hA$5Uk
=FFP  \\$aY$bBLDSS-3PM
=FIN  \\$aY$d20060612
=MNI  \\$a1053-699X
=TCO  \\$aCLA$bCLA$c008
=TOC  \\$aETOC
=UNO  \\$aY
=ACF  \\$aPrevious copyright fee: GBP10.50$c0$e01-jan-2011$fGBP10.50$g0$hA$5Uk
=ACF  \\$aBritish Library not licensed to copy$c0$e01-jul-2006$hC$iCLA Excluded$5Uk
=ACF  \\$aBritish Library not licensed to copy$c0$e01-apr-2006$hC$iCLA Excluded$5Uk
=ACF  \\$aBritish Library not licensed to copy$c0$e01-jan-2006$hC$iCLA Excluded$5Uk
=ACF  \\$aBritish Library not licensed to copy$c0$e01-oct-2005$hC$iCLA Excluded$5Uk
=ACF  \\$aBritish Library not licensed to copy$c0$e01-jul-2005$hC$iCLA Excluded$5Uk
=ACF  \\$aBritish Library not licensed to copy$c0$e01-apr-2005$hC$iCLA Excluded$5Uk
=ACF  \\$aBritish Library not licensed to copy$c0$e01-jan-2005$hC$iCLA Excluded$5Uk
=ACF  \\$aPrevious Copyright Fee: GBP8.65$c0$e01-oct-2004$fGBP8.65$g0$hC$5Uk
=LAS  \\$a5410$b40$c20170427$lBLL01$h1105

