=LDR  02974cas a22006857a 4500
=001  012910318
=003  Uk
=005  20230426110827.0
=006  m\\\\\\\\d\|\\\\\\
=007  cr||||||||||||
=008  040505d2002200uenkmr\p\s\\\\\0\\\a0eng\\
=FMT  \\$a  SE
=022  0\$a1475-4029$202
=037  \\$ajncics$bOxford University Press
=040  \\$aUk$beng$cUk
=042  \\$aissnuk
=210  0\$aJNCI cancer spectr.
=222  \0$aJNCI cancer spectrum
=245  00$aJNCI cancer spectrum.
=246  3\$aJournal of the National Cancer Institute cancer spectrum
=260  \\$aOxford :$bOxford University Press.
=310  \\$aMonthly
=336  \\$atext$2rdacontent
=337  \\$acomputer$2rdamedia
=338  \\$aonline resource$2rdacarrier
=500  \\$aTitle from caption (viewed Feb. 20, 2002).
=520  \\$aAn enhanced, online version of the Journal of the National Cancer Institute, containing the full text of the Journal issues from 1996, integrated with other sources of cancer information, including information drawn from other journals, cancer statistics from various health agencies, recent news coverage, access to Physician data query and selected relevant entries to Physicians desk reference, and links to other relevant Internet sites.
=540  \\$aCurrent Copyright Fee: zero$c29\0$5Uk
=710  2\$aNational Cancer Institute (U.S.)
=856  \\$31850-9999$uhttp://www.oxfordjournals.org/$xBLDSS
=856  4\$uhttp://jncicancerspectrum.oupjournals.org/jnci/contents-by-date.0.shtml
=945  \\$aJournal- National Cancer Institute cancer spectrum.
=979  \\$aBritish Library$bDSC$j4830.010000N
=985  \\$a**NOT THE SAME AS ISSN 2515-5091 - PLEASE DO NOT MERGE - SEE ISSN UK CENTRE EMAIL CORRESPONDENCE (2017 ARCHIVE)**
=CAT  \\$a8483$b40$c20040505$lTMP01$h1006
=CAT  \\$a8483$b40$c20040505$lTMP01$h1010
=CAT  \\$aEXLIBRIS$c20040606$lBLL01$h1133
=CAT  \\$a11194$b40$c20040721$lBLL01$h1158
=CAT  \\$a11194$b40$c20040728$lBLL01$h1325
=CAT  \\$a11194$b40$c20040728$lBLL01$h1329
=CAT  \\$a11316$b40$c20050111$lBLL01$h1352
=CAT  \\$a11450$b40$c20161128$lBLL01$h1034
=CAT  \\$a5552$b40$c20170531$lBLL01$h1401
=CAT  \\$aBLDSS-3PM$b00$c20170606$lBLL01$h1445
=CAT  \\$aBATCH-UPD$b00$c20170606$lBLL01$h1446
=CAT  \\$a10806$b40$c20170727$lBLL01$h1352
=CAT  \\$a10806$b40$c20170727$lBLL01$h1422
=CAT  \\$a10806$b40$c20170928$lBLL01$h1442
=CAT  \\$aW1711-1005$c20171206$lBLL01$h1816
=CAT  \\$a10983$b40$c20180320$lBLL01$h1509
=CAT  \\$aW1910-0530$c20191007$lBLL01$h1114
=CAT  \\$a10806$b40$c20200122$lBLL01$h1155
=CAT  \\$a15001$b40$c20200122$lBLL01$h1303
=CAT  \\$aBATCH-SUPP$c20230426$lBLL01$h1108
=CFI  0\$aCurrent copyright fee: zero$c29\0$e31-may-2017$fGBP0.00$g0$hP$5Uk
=FFP  \\$aY$bBLDSS-3PM
=FIN  \\$aY$d20050111
=TCO  \\$aCLA$bCLA$c008
=UNO  \\$aY
=LAS  \\$aBATCH-SUPP$b00$c20230426$lBLL01$h1108

