=LDR  04968cas a2201165 a 4500
=001  012912541
=003  Uk
=005  20220930142640.0
=006  m\\\\\o\\d\\\\\\\\
=007  cr\cn|||||||||
=008  040810c20049999xxu\x\pso\\\\\0\\\a0eng\c
=FMT  \\$a  SE
=010  \\$a2004700031
=016  7\$a101231642$2DNLM
=016  7\$a2158838-7$2DE-600
=022  0\$a1742-6413$202
=035  \\$a(OCoLC)56123679
=040  \\$aOUN$beng$cOUN$dPIT$dCUS$dNLM$dOCL$dOCLCQ$dHEBIS$dOCLCQ$dOCLCO$dGPM$dUk
=042  \\$aissnuk$aukblsr
=050  \4$aQH573
=060  10$aW1
=082  04$a611.01815$221
=082  04$a611.01815$223
=222  \0$aCytoJournal
=245  00$aCytoJournal$h[electronic resource].
=246  3\$aCyto journal
=260  \\$a[London] :$bBioMed Central,$c2004-
=264  31$32008-$a[Cross Ile, MI] :$bpublished by Cytopathology Foundation Inc with Medknow
=336  \\$atext$2rdacontent
=337  \\$acomputer$2rdamedia
=338  \\$aonline resource$2rdacarrier
=362  0\$a1:1 (29 July 2004)-
=500  \\$aTitle from issue caption (publisher Web site, viewed Nov. 17, 2004).
=515  \\$aArticles added consecutively to current annual volume.
=538  \\$aMode of access: World Wide Web.
=550  \\$aOwned by: Cytopathology Foundation.
=588  \\$aLatest issue consulted: 2013, 10:24 (28 November 2013) (viewed December 20, 2013).
=540  \\$aCurrent copyright fee: GBP20.83$c111\0$5Uk
=650  \0$aPathology, Cellular$vPeriodicals.
=650  \0$aCancer$xCytopathology$vPeriodicals.
=650  12$aCytodiagnosis$vPeriodicals.
=650  22$aCytological Techniques$vPeriodicals.
=710  2\$aBioMed Central Ltd.
=710  2\$aCytopathology Foundation.
=776  08$iAlso issued in print as:$tCyto journal$x0974-5963
=856  \\$31850-9999$uhttp://www.medknow.com/$xBLDSS
=856  40$uhttp://pubmedcentral.com/tocrender.fcgi?journal=271
=856  40$uhttp://www.cytojournal.com/
=945  \\$aCytoJournal.
=979  \\$aBritish Library$bDSC$j3506.775000N
=CAT  \\$a8128$b40$c20040507$lTMP01$h1707
=CAT  \\$aIPL-CLA$c20160930$lBLL01$h1600
=CAT  \\$a5552$b40$c20170130$lBLL01$h0927
=CAT  \\$aBATCH-UPD$b40$c20170216$lBLL01$h1751
=CAT  \\$aIPL-CLA$c20170331$lBLL01$h1842
=CAT  \\$aBATCH-UPD$b00$c20170904$lBLL01$h1750
=CAT  \\$aIPL-CLA$c20170929$lBLL01$h1726
=CAT  \\$aBATCH-UPD$b00$c20180223$lBLL01$h1600
=CAT  \\$aIPL-CLA$c20180331$lBLL01$h1617
=CAT  \\$aBATCH-UPD$b00$c20180823$lBLL01$h1909
=CAT  \\$aIPL-CLA$c20180930$lBLL01$h1501
=CAT  \\$a5410$b40$c20190820$lBLL01$h0829
=CAT  \\$aBATCH-UPD$b40$c20190829$lBLL01$h1448
=CAT  \\$aIPL-CLA$c20190930$lBLL01$h1636
=CAT  \\$aBATCH-UPD$b00$c20200219$lBLL01$h1436
=CAT  \\$aIPL-CLA$c20200331$lBLL01$h1612
=CAT  \\$aBATCH-UPD$b00$c20200522$lBLL01$h1426
=CAT  \\$aIPL-CLA$c20200701$lBLL01$h0054
=CAT  \\$aBATCH-UPD$b00$c20210226$lBLL01$h1012
=CAT  \\$aIPL-CLA$c20210331$lBLL01$h1700
=CAT  \\$aBATCH-UPD$b00$c20210707$lBLL01$h1536
=CAT  \\$aIPL-CLA$c20210707$lBLL01$h1843
=CAT  \\$aBATCH-UPD$b00$c20220520$lBLL01$h1608
=CAT  \\$aIPL-CLA$c20220630$lBLL01$h1537
=CAT  \\$aBATCH-UPD$b00$c20220824$lBLL01$h0839
=CAT  \\$aIPL-CLA$c20220930$lBLL01$h1426
=CFI  0\$aCurrent copyright fee: GBP20.83$c111\0$e01-oct-2022$fGBP20.83$g0$hP$5Uk
=CFI  2\$aPrevious copyright fee: GBP20.00$c111\0$e01-jul-2022$fGBP20.00$g0$hP$5Uk
=FFP  \\$aY$bBLDSS-3PM
=FIN  \\$aY$d20061216
=LET  \0$aCytoJournal (Electronic)
=SID  \\$aZ39$bOCLC
=TCO  \\$aCLA$bCLA$c008
=TOC  \\$aETOC
=UNO  \\$aY
=ACF  \\$aPrevious copyright fee: GBP16.13$c111\0$e08-may-2015$fGBP16.13$g0$hP$5Uk
=ACF  \\$aPrevious copyright fee: GBP16.67$c111\0$e01-jul-2015$fGBP16.67$g0$hP$5Uk
=ACF  \\$aPrevious copyright fee: GBP16.13$c111\0$e01-oct-2015$fGBP16.13$g0$hP$5Uk
=ACF  \\$aPrevious copyright fee: GBP17.24$c111\0$e01-apr-2016$fGBP17.24$g0$hP$5Uk
=ACF  \\$aPrevious copyright fee: GBP18.52$c111\0$e01-oct-2016$fGBP18.52$g0$hP$5Uk
=ACF  \\$aPrevious copyright fee: GBP20.00$c111\0$e01-apr-2017$fGBP20.00$g0$hP$5Uk
=ACF  \\$aPrevious copyright fee: GBP19.23$c111\0$e01-oct-2017$fGBP19.23$g0$hP$5Uk
=ACF  \\$aPrevious copyright fee: GBP17.86$c111\0$e01-apr-2018$fGBP17.86$g0$hP$5Uk
=ACF  \\$aPrevious copyright fee: GBP19.23$c111\0$e01-oct-2018$fGBP19.23$g0$hP$5Uk
=ACF  \\$aPrevious copyright fee: GBP20.00$c111\0$e01-oct-2019$fGBP20.00$g0$hP$5Uk
=ACF  \\$aPrevious copyright fee: GBP19.23$c111\0$e01-apr-2020$fGBP19.23$g0$hP$5Uk
=ACF  \\$aPrevious copyright fee: GBP20.00$c111\0$e01-jul-2020$fGBP20.00$g0$hP$5Uk
=ACF  \\$aPrevious copyright fee: GBP18.52$c111\0$e01-apr-2021$fGBP18.52$g0$hP$5Uk
=ACF  \\$aPrevious copyright fee: GBP17.86$c111\0$e07-jul-2021$fGBP17.86$g0$hP$5Uk
=LAS  \\$aIPL-CLA$b00$c20220930$lBLL01$h1426

