=LDR  02833cas a22007337a 4500
=001  012914507
=003  Uk
=005  20230930080657.0
=006  m\\\\\\\\d\|\\\\\\
=007  cr||||||||||||
=008  040511c20039999enkfr\p\s\\\\\0\\\a0eng\\
=FMT  \\$a  SE
=022  \\$a1740-3529$202
=040  \\$aUk$beng$cUk
=042  \\$aissnuk
=222  \0$aManual of environmental policy$b(Online)
=245  00$aManual of environmental policy.
=260  \\$aLondon :$bManey Publishing
=310  \\$aSemiannual
=336  \\$atext$2rdacontent
=337  \\$acomputer$2rdamedia
=338  \\$aonline resource$2rdacarrier
=516  \\$aOnline
=540  \\$aCurrent copyright fee: GBP37.00$c2\0$5Uk
=710  2\$aInstitute for European Environmental Policy.
=776  0\$tManual of environmental policy$x1467-0445
=856  \\$31850-9999$uhttp://www.tandfonline.com/$xBLDSS
=856  4\$uhttp://www.mep-online.com/
=945  \\$aManual of environmental policy.
=979  \\$aBritish Library$bDSC$j5363.506000
=CAT  \\$a9604$b40$c20040511$lTMP01$h1309
=CAT  \\$aEXLIBRIS$c20040606$lBLL01$h1133
=CAT  \\$a8874$b40$c20060830$lBLL01$h0858
=CAT  \\$a8124$b40$c20070113$lBLL01$h0951
=CAT  \\$a5552$b40$c20160122$lBLL01$h1156
=CAT  \\$aBLDSS-3PM$b00$c20160201$lBLL01$h1812
=CAT  \\$aBATCH-UPD$b00$c20160413$lBLL01$h1818
=CAT  \\$aBATCH-UPD$b00$c20161122$lBLL01$h1542
=CAT  \\$aBATCH-UPD$b00$c20161122$lBLL01$h1818
=CAT  \\$aIPL-CLA$c20161230$lBLL01$h2124
=CAT  \\$a5552$b40$c20170329$lBLL01$h1210
=CAT  \\$a5410$b40$c20170406$lBLL01$h1106
=CAT  \\$a5552$b40$c20190114$lBLL01$h1151
=CAT  \\$aBATCH-UPD$b40$c20191122$lBLL01$h1921
=CAT  \\$aIPL-CLA$c20191231$lBLL01$h1927
=CAT  \\$aBATCH-UPD$b00$c20201118$lBLL01$h1354
=CAT  \\$aIPL-CLA$c20201231$lBLL01$h1528
=CAT  \\$aBATCH-UPD$b00$c20221121$lBLL01$h1429
=CAT  \\$aIPL-CLA$c20221231$lBLL01$h1445
=CAT  \\$aR2308-1440$c20230824$lBLL01$h0927
=CAT  \\$aIPL-CLA$c20230930$lBLL01$h0806
=CFI  0\$aCurrent copyright fee: GBP37.00$c2\0$e01-oct-2023$fGBP37.00$g0$hP$5Uk
=CFI  2\$aPrevious copyright fee: GBP37.00$c47\0$e01-jan-2023$fGBP37.00$g0$hP$5Uk
=FFP  \\$aY$bBLDSS-3PM
=FIN  \\$aY$d20070113
=MNI  \\$a1467-0445
=TCO  \\$aCLA$bCLA$c008
=TOC  \\$aETOC
=ACF  \\$aPrevious copyright fee: GBP28.00$c47\0$e01-jan-2017$fGBP28.00$g0$hP$5Uk
=ACF  \\$aPrevious copyright fee: GBP26.00$c47\0$e22-jan-2016$fGBP26.00$g0$hP$5Uk
=ACF  \\$aPrevious copyright fee: GBP32.00$c47\0$e14-jan-2019$fGBP32.00$g0$hP$5Uk
=ACF  \\$aPrevious copyright fee: GBP34.00$c47\0$e01-jan-2020$fGBP34.00$g0$hP$5Uk
=ACF  \\$aPrevious copyright fee: GBP35.00$c47\0$e01-jan-2021$fGBP35.00$g0$hP$5Uk
=LAS  \\$aIPL-CLA$b00$c20230930$lBLL01$h0806

