=LDR  03323cas a22007817a 4500
=001  012915918
=003  Uk
=005  20221231144528.0
=006  m\\\\\\\\d\|\\\\\\
=007  cr||||||||||||
=008  040512d20022002enkqr\p\s\\\\\0\\\a0eng\\
=FMT  \\$a  SE
=022  0\$a1477-2752$202
=040  \\$aUk$beng$cUk
=042  \\$aissnuk
=210  0\$aInt. j. sol. energy$b(Online)
=222  \0$aInternational journal of solar energy$b(Online)
=245  00$aInternational journal of solar energy.
=260  \\$aAbingdon :$bTaylor & Francis.
=310  \\$aQuarterly
=336  \\$atext$2rdacontent
=337  \\$acomputer$2rdamedia
=338  \\$aonline resource$2rdacarrier
=540  \\$aCurrent copyright fee: GBP43.00$c2\0$5Uk
=776  0\$tInternational journal of solar energy$x0142-5919
=785  00$aInternational journal of sustainable energy$b(Online)$x1478-646X
=856  \\$31850-9999$uhttp://www.tandfonline.com/$xBLDSS
=856  4\$uhttp://journalsonline.tandf.co.uk/app/home/journal.asp?wasp=3846ykuyyh1jxcuq9evl&referrer=parent&backto=searchpublicationsresults,1,1;homemain,1,1;
=945  \\$aInternational journal of solar energy.
=979  \\$aBritish Library$bDSC$j4542.596000
=CAT  \\$a3072$b40$c20040512$lTMP01$h1447
=CAT  \\$aEXLIBRIS$c20040606$lBLL01$h1133
=CAT  \\$a8870$b40$c20050212$lBLL01$h1331
=CAT  \\$a5552$b40$c20150130$lBLL01$h1040
=CAT  \\$aBLDSS-3PM$b00$c20150215$lBLL01$h1113
=CAT  \\$aBATCH-UPD$b00$c20151119$lBLL01$h1534
=CAT  \\$aIPL-CLA$c20151231$lBLL01$h1920
=CAT  \\$a5552$b40$c20160302$lBLL01$h1414
=CAT  \\$aIPL-CLA$c20160331$lBLL01$h1723
=CAT  \\$aBATCH-UPD$b00$c20160413$lBLL01$h1818
=CAT  \\$aBATCH-UPD$b00$c20161122$lBLL01$h1504
=CAT  \\$aBATCH-UPD$b00$c20161122$lBLL01$h1535
=CAT  \\$aIPL-CLA$c20161230$lBLL01$h2124
=CAT  \\$a5552$b40$c20170503$lBLL01$h1159
=CAT  \\$aBATCH-UPD$b40$c20171121$lBLL01$h1654
=CAT  \\$aIPL-CLA$c20171231$lBLL01$h1631
=CAT  \\$aBATCH-UPD$b00$c20181217$lBLL01$h1644
=CAT  \\$aIPL-CLA$c20181231$lBLL01$h1540
=CAT  \\$aBATCH-UPD$b00$c20191122$lBLL01$h1906
=CAT  \\$aIPL-CLA$c20191231$lBLL01$h1927
=CAT  \\$aBATCH-UPD$b00$c20201118$lBLL01$h1340
=CAT  \\$aIPL-CLA$c20201231$lBLL01$h1528
=CAT  \\$aBATCH-UPD$b00$c20221121$lBLL01$h1339
=CAT  \\$aIPL-CLA$c20221231$lBLL01$h1445
=CFI  0\$aCurrent copyright fee: GBP43.00$c2\0$e01-jan-2023$fGBP43.00$g0$hP$5Uk
=CFI  2\$aPrevious copyright fee: GBP41.00$c2\0$e01-jan-2021$fGBP41.00$g0$hP$5Uk
=FFP  \\$aY$bBLDSS-3PM
=FIN  \\$aY$d20050212
=TCO  \\$aCLA$bCLA$c008
=TOC  \\$aETOC
=ACF  \\$aPrevious Copyright Fee: GBP30.00$c2\0$e30-jan-2015$fGBP30.00$g0$hP$5Uk
=ACF  \\$aPrevious copyright fee: GBP34.00$c2\0$e01-jan-2016$fGBP34.00$g0$hP$5Uk
=ACF  \\$aPrevious copyright fee: GBP31.00$c2\0$e01-apr-2016$fGBP31.00$g0$hP$5Uk
=ACF  \\$aPrevious copyright fee: GBP33.00$c2\0$e01-jan-2017$fGBP33.00$g0$hP$5Uk
=ACF  \\$aPrevious copyright fee: GBP35.00$c2\0$e01-jan-2018$fGBP35.00$g0$hP$5Uk
=ACF  \\$aPrevious copyright fee: GBP37.00$c2\0$e01-jan-2019$fGBP37.00$g0$hP$5Uk
=ACF  \\$aPrevious copyright fee: GBP39.00$c2\0$e01-jan-2020$fGBP39.00$g0$hP$5Uk
=LAS  \\$aIPL-CLA$b00$c20221231$lBLL01$h1445

