=LDR  03406 as a22007937a 4500
=001  012916696
=003  Uk
=005  20200331161249.0
=006  m\\\\\\\\|\\||||||
=007  cr\|||||||||||
=008  040513c20049999enkuu\p\\s\\\\0\\\a0eng\\
=FMT  \\$a  SE
=022  \\$a1743-3169$202
=040  \\$aUk$beng$cUk
=042  \\$aissnuk
=222  \0$aNeurogastroenterology and motility. Supplement$b(Online)
=245  00$aNeurogastroenterology and motility.$pSupplement.
=260  \\$a[Oxford] :$bBlackwell,$c2004-
=336  \\$atext$2rdacontent
=337  \\$acomputer$2rdamedia
=338  \\$aonline resource$2rdacarrier
=540  \\$aCurrent copyright fee: GBP32.00$c35\0$5Uk
=772  0\$tNeurogastroenterology & motility$c(Online)$x1365-2982
=776  0\$tNeurogastroenterology and motility. Supplement$c(Print)$x1743-3150
=856  \\$31850-9999$uhttp://onlinelibrary.wiley.com/$xBLDSS
=856  40$uhttp://www.blackwell-synergy.com/servlet/useragent?func=showIssues&code=nmo
=945  \\$aNeurogastroenterology and motility -supplement-.
=979  \\$aBritish Library$cDSC$j6081.371451
=CAT  \\$a6537$b40$c20040513$lTMP01$h1342
=CAT  \\$a8483$b40$c20060426$lBLL01$h1014
=CAT  \\$aBATCH-CLA$b00$c20080829$lBLL01$h1844
=CAT  \\$aBATCH-CLA$b00$c20080829$lBLL01$h1850
=CAT  \\$aBATCH-UPD$b00$c20081001$lBLL01$h0010
=CAT  \\$aBATCH$b00$c20081001$lBLL01$h0126
=CAT  \\$aBATCH-UPD$b00$c20101201$lBLL01$h1249
=CAT  \\$aIPL-CLA$c20101231$lBLL01$h1512
=CAT  \\$aWR11_203$c20111204$lBLL01$h1508
=CAT  \\$aIPL-CLA$c20111230$lBLL01$h2018
=CAT  \\$aBATCH-CLA$b00$c20121109$lBLL01$h1731
=CAT  \\$a8456$b40$c20130521$lBLL01$h1500
=CAT  \\$a5552$b40$c20131004$lBLL01$h1154
=CAT  \\$aBLDSS-3PM$b00$c20141214$lBLL01$h1522
=CAT  \\$aBATCH-UPD$b00$c20150215$lBLL01$h1624
=CAT  \\$aIPL-CLA$c20150228$lBLL01$h2047
=CAT  \\$aBATCH-UPD$b00$c20160413$lBLL01$h1818
=CAT  \\$aW1703-0316$c20170306$lBLL01$h1824
=CAT  \\$aW1703-0316$c20170307$lBLL01$h1647
=CAT  \\$aIPL-CLA$c20170307$lBLL01$h1824
=CAT  \\$a5552$b40$c20170324$lBLL01$h1131
=CAT  \\$aBATCH-UPD$b40$c20180219$lBLL01$h1745
=CAT  \\$aBATCH-UPD$b40$c20181121$lBLL01$h1621
=CAT  \\$aIPL-CLA$c20181231$lBLL01$h1540
=CAT  \\$aBATCH-UPD$b00$c20200219$lBLL01$h1541
=CAT  \\$aIPL-CLA$c20200331$lBLL01$h1612
=CFI  0\$aCurrent copyright fee: GBP32.00$c35\0$e01-apr-2020$fGBP32.00$g0$hP$5Uk
=CFI  2\$aPrevious copyright fee: GBP28.00$c35\0$e01-jan-2019$fGBP28.00$g0$hP$5Uk
=FFP  \\$aY$bBLDSS-3PM
=FIN  \\$aY$d20050428
=LKR  \\$aPAR$b012434525$lBLL01$r772$mNeurogastroenterology and motility. Supplement (Online)$nNeurogastroenterology & motility (Online)
=TCO  \\$aCLA$bCLA$c008
=TOC  \\$aETOC
=UNO  \\$aY
=ACF  \\$aBritish Library not licensed to copy$c0$e01-oct-2008$hC$iCLA Excluded$5Uk
=ACF  \\$aPrevious copyright fee: GBP12.00$c0$e01-jan-2012$fGBP12.00$g0$hA$5Uk
=ACF  \\$aPrevious copyright fee: GBP10.50$c0$e01-jan-2011$fGBP10.50$g0$hA$5Uk
=ACF  \\$aPrevious Copyright Fee: GBP22.00$c10\0$e04-oct-2013$fGBP22.00$g0$hP$5Uk
=ACF  \\$aPrevious copyright fee: GBP24.00$c10\0$e01-mar-2015$fGBP24.00$g0$hP$5Uk
=ACF  \\$aPrevious copyright fee: GBP24.00$c35\0$e07-mar-2017$fGBP24.00$g0$hP$5Uk
=LAS  \\$aIPL-CLA$b00$c20200331$lBLL01$h1612

