=LDR  03232cas a22007817a 4500
=001  012916719
=003  Uk
=005  20221231144528.0
=006  m\\\\\\\\d\|\\\\\\
=007  cr||||||||||||
=008  040513d20002000enkqr\p\s\\\\\0\\\a0eng\\
=FMT  \\$a  SE
=022  0\$a1469-8420$202
=040  \\$aUk$beng$cUk
=042  \\$aissnuk
=222  \0$aInnovations in education and training international$b(Online)
=245  00$aInnovations in education and training international.
=260  \\$a[Abingdon] :$bRoutledge
=310  \\$aQuarterly
=336  \\$atext$2rdacontent
=337  \\$acomputer$2rdamedia
=338  \\$aonline resource$2rdacarrier
=540  \\$aCurrent copyright fee: GBP37.00$c2\0$5Uk
=776  0\$tInnovations in education and training international$x1355-8005
=785  00$tInnovations in education and teaching international (Online)$x1470-3300
=856  \\$31850-9999$uhttp://www.tandfonline.com/$xBLDSS
=856  40$uhttp://www.ingentaconnect.com/content/routledg/riieold
=945  \\$aInnovations in education and training international.
=979  \\$aBritish Library$cDSC$j4515.487160
=CAT  \\$a11194$b40$c20040513$lTMP01$h1352
=CAT  \\$aBATCH-CLA$b00$c20050831$lBLL01$h1727
=CAT  \\$c20050930$lBLL01$h2142
=CAT  \\$c20050930$lBLL01$h2257
=CAT  \\$c20050930$lBLL01$h0012
=CAT  \\$aBATCH-CLA$b00$c20051130$lBLL01$h1731
=CAT  \\$a6537$b40$c20051212$lBLL01$h0937
=CAT  \\$a5552$b40$c20150604$lBLL01$h1217
=CAT  \\$aBLDSS-3PM$b00$c20150611$lBLL01$h1743
=CAT  \\$aBATCH-UPD$b00$c20151119$lBLL01$h1543
=CAT  \\$aIPL-CLA$c20151231$lBLL01$h1920
=CAT  \\$aBATCH-UPD$b00$c20160413$lBLL01$h1818
=CAT  \\$aBATCH-UPD$b00$c20161122$lBLL01$h1512
=CAT  \\$aBATCH-UPD$b00$c20161122$lBLL01$h1611
=CAT  \\$aIPL-CLA$c20161230$lBLL01$h2124
=CAT  \\$a5552$b40$c20170516$lBLL01$h0858
=CAT  \\$aBATCH-UPD$b40$c20171121$lBLL01$h1647
=CAT  \\$aIPL-CLA$c20171231$lBLL01$h1631
=CAT  \\$aBATCH-UPD$b00$c20181217$lBLL01$h1638
=CAT  \\$aIPL-CLA$c20181231$lBLL01$h1540
=CAT  \\$aBATCH-UPD$b00$c20191122$lBLL01$h1900
=CAT  \\$aIPL-CLA$c20191231$lBLL01$h1927
=CAT  \\$aBATCH-UPD$b00$c20201118$lBLL01$h1333
=CAT  \\$aIPL-CLA$c20201231$lBLL01$h1528
=CAT  \\$aBATCH-UPD$b00$c20221121$lBLL01$h1346
=CAT  \\$aIPL-CLA$c20221231$lBLL01$h1445
=CFI  0\$aCurrent copyright fee: GBP37.00$c2\0$e01-jan-2023$fGBP37.00$g0$hP$5Uk
=CFI  2\$aPrevious copyright fee: GBP35.00$c2\0$e01-jan-2021$fGBP35.00$g0$hP$5Uk
=FFP  \\$aY$bBLDSS-3PM
=FIN  \\$aY$d20051212
=TCO  \\$aCLA$bCLA$c008
=TOC  \\$aETOC
=ACF  \\$aPrevious copyright fee: GBP25.00$c2\0$e04-jun-2015$fGBP25.00$g0$hP$5Uk
=ACF  \\$aPrevious copyright fee: GBP26.00$c2\0$e01-jan-2016$fGBP26.00$g0$hP$5Uk
=ACF  \\$aPrevious copyright fee: GBP28.00$c2\0$e01-jan-2017$fGBP28.00$g0$hP$5Uk
=ACF  \\$aPrevious copyright fee: GBP30.00$c2\0$e01-jan-2018$fGBP30.00$g0$hP$5Uk
=ACF  \\$aPrevious copyright fee: GBP32.00$c2\0$e01-jan-2019$fGBP32.00$g0$hP$5Uk
=ACF  \\$aPrevious copyright fee: GBP34.00$c2\0$e01-jan-2020$fGBP34.00$g0$hP$5Uk
=LAS  \\$aIPL-CLA$b00$c20221231$lBLL01$h1445

