=LDR  03072cas a22007577a 4500
=001  012941074
=003  Uk
=005  20221231144533.0
=006  m\\\\\\\\d\|\\\\\\
=007  cr||||||||||||
=008  040628d19992004enkqr\p\s\\\\\0\\\a0eng\\
=FMT  \\$a  SE
=022  0\$a1744-4985$202
=040  \\$aUk$beng$cUk$dUk
=042  \\$aissnuk
=046  \\$at$c2004$e9999
=222  \0$aInjury control and safety promotion$b(Online)
=245  00$aInjury control and safety promotion.
=260  \\$aAbingdon :$bTaylor & Francis.
=310  \\$aQuarterly
=336  \\$atext$2rdacontent
=337  \\$acomputer$2rdamedia
=338  \\$aonline resource$2rdacarrier
=540  \\$aCurrent copyright fee: GBP43.00$c2\0$5Uk
=776  0\$tInjury control and safety promotion$x1566-0974
=780  00$tInternational journal for consumer and product safety$x2374-717X
=785  00$tInternational journal of injury control and safety promotion$c(Online)$x1745-7319
=856  \\$31850-9999$uhttp://www.tandfonline.com/$xBLDSS
=856  4\$uhttp://www.tandf.co.uk/journals/titles/15660974.asp
=945  \\$aInjury control and safety promotion.
=979  \\$aBritish Library$bDSC$j4514.410000
=CAT  \\$a8201$b40$c20040628$lBLL01$h1228
=CAT  \\$a11316$b40$c20041109$lBLL01$h0930
=CAT  \\$a6537$b40$c20050715$lBLL01$h1232
=CAT  \\$a10806$b40$c20140916$lBLL01$h1127
=CAT  \\$a10806$b40$c20140916$lBLL01$h1129
=CAT  \\$a5552$b40$c20160302$lBLL01$h1410
=CAT  \\$aIPL-CLA$c20160331$lBLL01$h1723
=CAT  \\$aBLDSS-3PM$b00$c20160404$lBLL01$h1601
=CAT  \\$aBATCH-UPD$b00$c20160413$lBLL01$h1818
=CAT  \\$aBATCH-UPD$b00$c20161122$lBLL01$h1504
=CAT  \\$aBATCH-UPD$b00$c20161122$lBLL01$h1535
=CAT  \\$aIPL-CLA$c20161230$lBLL01$h2125
=CAT  \\$a5552$b40$c20170516$lBLL01$h0926
=CAT  \\$aBATCH-UPD$b40$c20171121$lBLL01$h1655
=CAT  \\$aIPL-CLA$c20171231$lBLL01$h1632
=CAT  \\$aBATCH-UPD$b00$c20181217$lBLL01$h1644
=CAT  \\$aIPL-CLA$c20181231$lBLL01$h1541
=CAT  \\$aBATCH-UPD$b00$c20191122$lBLL01$h1906
=CAT  \\$aIPL-CLA$c20191231$lBLL01$h1927
=CAT  \\$aBATCH-UPD$b00$c20201118$lBLL01$h1340
=CAT  \\$aIPL-CLA$c20201231$lBLL01$h1528
=CAT  \\$aBATCH-UPD$b00$c20221121$lBLL01$h1339
=CAT  \\$aIPL-CLA$c20221231$lBLL01$h1445
=CFI  0\$aCurrent copyright fee: GBP43.00$c2\0$e01-jan-2023$fGBP43.00$g0$hP$5Uk
=CFI  2\$aPrevious copyright fee: GBP41.00$c2\0$e01-jan-2021$fGBP41.00$g0$hP$5Uk
=FFP  \\$aY$bBLDSS-3PM
=FIN  \\$aY
=TCO  \\$aCLA$bCLA$c008
=TOC  \\$aETOC
=ACF  \\$aPrevious copyright fee: GBP31.00$c2\0$e01-apr-2016$fGBP31.00$g0$hP$5Uk
=ACF  \\$aPrevious copyright fee: GBP33.00$c2\0$e01-jan-2017$fGBP33.00$g0$hP$5Uk
=ACF  \\$aPrevious copyright fee: GBP35.00$c2\0$e01-jan-2018$fGBP35.00$g0$hP$5Uk
=ACF  \\$aPrevious copyright fee: GBP37.00$c2\0$e01-jan-2019$fGBP37.00$g0$hP$5Uk
=ACF  \\$aPrevious copyright fee: GBP39.00$c2\0$e01-jan-2020$fGBP39.00$g0$hP$5Uk
=LAS  \\$aIPL-CLA$b00$c20221231$lBLL01$h1445

