=LDR  01690 as a22004577a 4500
=001  012973483
=003  Uk
=005  20210810090515.0
=006  m\\\\\\\\d\|\\\\\\
=007  cr||||||||||||
=008  040819c20049999enkar\p\s\\\\\0\\\a0eng\\
=FMT  \\$a  SE
=022  0\$a1745-0012$202
=040  \\$aUk$beng$cUk
=042  \\$aissnuk
=210  0\$aAm. j. rep. immunol. suppl.$b(Online)
=222  \0$aAmerican journal of reproductive immunology. Supplement$b(Online)
=245  00$aAmerican journal of reproductive immunology.$pSupplement.
=260  \\$aOxford :$bBlackwell
=336  \\$atext$2rdacontent
=337  \\$acomputer$2rdamedia
=338  \\$aonline resource$2rdacarrier
=540  \\$aCurrent copyright fee: GBP39.00$c35\0$5Uk
=776  0\$tAmerican journal of reproductive immunology. Supplement$c(Print)$x1745-0004
=772  0\$tAmerican journal of reproductive immunology$c(Online)$x1600-0897
=856  \\$31850-9999$uhttp://onlinelibrary.wiley.com/$xBLDSS
=856  40$uhttp://www.blackwellpublishing.com/journal.asp?ref=1046-7408&site=1
=979  \\$aBritish Library$bDSC$j0836.500500N
=CAT  \\$a11316$b40$c20040819$lBLL01$h1431
=CAT  \\$a6537$b40$c20061101$lBLL01$h1519
=CAT  \\$a8874$b40$c20130528$lBLL01$h1444
=CAT  \\$a12654$b40$c20210803$lBLL01$h0815
=CAT  \\$aBATCH-UNOA$c20210803$lBLL01$h2320
=CAT  \\$aBLDSS-3PM$b00$c20210810$lBLL01$h0905
=CAT  \\$aBATCH-UPD$b00$c20210810$lBLL01$h0905
=CFI  0\$aCurrent copyright fee: GBP39.00$c35\0$e03-aug-2021$fGBP39.00$g0$hP$5Uk
=FFP  \\$aY$bBLDSS-3PM
=FIN  \\$aY$d20061101
=TCO  \\$aCLA$bCLA$c008
=UNO  \\$aY
=LAS  \\$aBATCH-UPD$b00$c20210810$lBLL01$h0905

