=LDR  01735 as a22004817a 4500
=001  012989684
=003  Uk
=005  20181217160923.0
=006  m\\\\\\\\d\|\\\\\\
=007  cr||||||||||||
=008  040913c20059999enkqr\p\s\\\\\0\\\a0eng\\
=FMT  \\$a  SE
=022  0\$a1745-1604$202
=040  \\$aUk$beng$cUk
=042  \\$aissnuk
=082  04$a333.9505$222
=210  0\$aInt. j. biodivers. sci. manag.$b(Online)
=222  \4$aThe international journal of biodiversity science and management$b(Online)
=245  04$aThe international journal of biodiversity science and management.
=260  \\$aLondon :$bSapiens Publishing
=310  \\$aQuarterly
=336  \\$atext$2rdacontent
=337  \\$acomputer$2rdamedia
=338  \\$aonline resource$2rdacarrier
=540  \\$aCurrent copyright fee: zero$c2\0$5Uk
=776  0\$tInternational journal of biodiversity science and management$c(Print)$x1745-1590
=856  \\$31850-9999$uhttp://www.tandfonline.com/$xBLDSS
=856  4\$uhttp://www.sapienspublishing.com/IJBSM.php?
=945  \\$aInternational journal of biodiversity science and management.
=979  \\$aBritish Library$bDSC$j4542.150100
=CAT  \\$a8870$b40$c20040913$lBLL01$h1322
=CAT  \\$a7236$b40$c20040913$lBLL01$h1458
=CAT  \\$a8124$b40$c20050914$lBLL01$h0835
=CAT  \\$a8124$b40$c20050914$lBLL01$h0837
=CAT  \\$a5552$b40$c20181217$lBLL01$h1609
=CAT  \\$aBLDSS-3PM$b00$c20190115$lBLL01$h1424
=CAT  \\$aBATCH-UPD$b00$c20190115$lBLL01$h1429
=CFI  0\$aCurrent Copyright Fee: zero$c2\0$e17-dec-2018$fGBP0.00$g0$hP$5Uk
=FFP  \\$aY$bBLDSS-3PM
=FIN  \\$aY$d20050914
=TCO  \\$aCLA$bCLA$c008
=TOC  \\$aETOC
=LAS  \\$aBATCH-UPD$b00$c20190115$lBLL01$h1429

