=LDR  01718 as a22005057a 4500
=001  013014873
=003  Uk
=005  20170425105745.0
=006  m\\\\\\\\d\|\\\\\\
=007  cr||||||||||||
=008  041014c20049999enkfr\\\s\\\\\0\\\a0eng\\
=FMT  \\$a  SE
=022  0\$a1745-5197$202
=040  \\$aUk$beng$cUk
=042  \\$aissnuk
=222  \0$aJournal for the study of the historical Jesus$b(Online)
=245  00$aJournal for the study of the historical Jesus.
=260  \\$aLondon :$bSage
=310  \\$aTwo issues yearly
=336  \\$atext$2rdacontent
=337  \\$acomputer$2rdamedia
=338  \\$aonline resource$2rdacarrier
=540  \\$aCurrent copyright fee: GBP22.00$c74\0$5Uk
=776  0\$tJournal for the study of the historical Jesus$x1476-8690
=856  \\$31850-9999$uhttp://www.brill.com/$xBLDSS
=856  40$uhttp://jhj.sagepub.com/
=945  \\$aJOURNAL FOR THE STUDY OF THE HISTORICAL JESUS
=979  \\$aBritish Library$bDSC$j5066.899700N
=CAT  \\$a8128$b40$c20041014$lBLL01$h1548
=CAT  \\$a6537$b40$c20060919$lBLL01$h1402
=CAT  \\$a5552$b40$c20081013$lBLL01$h1723
=CAT  \\$a5552$b40$c20081013$lBLL01$h1724
=CAT  \\$a8439$b40$c20121102$lBLL01$h1417
=CAT  \\$aBLDSS-3PM$b00$c20150131$lBLL01$h2312
=CAT  \\$aBATCH-UPD$b00$c20160413$lBLL01$h1819
=CAT  \\$aBATCH-UPD$b00$c20160524$lBLL01$h2300
=CAT  \\$aBATCH-UPD$b00$c20160525$lBLL01$h0651
=CAT  \\$a5552$b40$c20170425$lBLL01$h1057
=CFI  0\$aCurrent copyright fee: GBP22.00$c74\0$e02-nov-2012$fGBP22.00$g0$hP$5Uk
=FFP  \\$aY$bBLDSS-3PM
=FIN  \\$aY$d20060919
=TCO  \\$aCLA$bCLA$c008
=TOC  \\$aETOC
=UNO  \\$aY
=LAS  \\$a5552$b40$c20170425$lBLL01$h1057

