=LDR  03102 as a2200805 i 4500
=001  013014895
=003  Uk
=005  20161122113923.0
=006  m\\\\\\\\d\|\\\\\\
=007  cr||||||||||||
=008  041014c20049999enkfr\\\o\\\\\0\\\a0eng\\
=FMT  \\$a  SE
=022  0\$a1745-5227$202
=040  \\$aUk$beng$cUk$dUk
=042  \\$aissnuk
=082  04$a220.4205$223
=222  \0$aAramaic studies$b(Online)
=245  00$aAramaic studies.
=264  \1$aLondon :$bSage
=310  \\$aTwo issues yearly
=336  \\$atext$2rdacontent
=337  \\$acomputer$2rdamedia
=338  \\$aonline resource$2rdacarrier
=540  \\$aCurrent copyright fee: GBP22.00$c74\0$5Uk
=630  00$aBible.$lAramaic$xCriticism, interpretation, etc.$vPeriodicals.
=630  00$aBible.$lAramaic$xCriticism, Textual$vPeriodicals.
=650  \0$aAramaic language$vPeriodicals.
=650  \0$aAramaic literature$vPeriodicals.
=776  08$iAlso issued in print as:$tAramaic studies$x1477-8351
=856  \\$31850-9999$uhttp://www.brill.com/$xBLDSS
=856  40$uhttp://ars.sagepub.com/
=856  40$uhttp://openurl.ingenta.com/content?genre=journal&issn=1477-8351
=945  \\$aAramaic studies.
=979  \\$aBritish Library$bDSC$j1583.670000N
=CAT  \\$a8128$b40$c20041014$lBLL01$h1601
=CAT  \\$a7236$b40$c20041019$lBLL01$h1209
=CAT  \\$a6537$b40$c20060919$lBLL01$h1423
=CAT  \\$a5552$b40$c20070223$lBLL01$h1609
=CAT  \\$a5552$b40$c20081023$lBLL01$h1630
=CAT  \\$aBATCH-UPD$b40$c20081231$lBLL01$h2319
=CAT  \\$aBATCH-UPD$b40$c20090101$lBLL01$h0052
=CAT  \\$aBATCH$b00$c20090101$lBLL01$h0227
=CAT  \\$c20091120$lBLL01$h1021
=CAT  \\$aBATCH-UPD$b00$c20091231$lBLL01$h1809
=CAT  \\$aBATCH-UPD$b00$c20091231$lBLL01$h1830
=CAT  \\$aBATCH$b00$c20091231$lBLL01$h1850
=CAT  \\$aBATCH-UPD$b00$c20101201$lBLL01$h1249
=CAT  \\$aIPL-CLA$c20101231$lBLL01$h1513
=CAT  \\$aWR11_203$c20111204$lBLL01$h1508
=CAT  \\$aIPL-CLA$c20111230$lBLL01$h2019
=CAT  \\$a8439$b40$c20121031$lBLL01$h1245
=CAT  \\$aBATCH-CLA$b00$c20121109$lBLL01$h1730
=CAT  \\$a8201$b40$c20140926$lBLL01$h1008
=CAT  \\$aBLDSS-3PM$b00$c20150131$lBLL01$h2312
=CAT  \\$aBATCH-UPD$b00$c20160413$lBLL01$h1819
=CAT  \\$aBATCH-UPD$b00$c20160524$lBLL01$h2300
=CAT  \\$aBATCH-UPD$b00$c20160525$lBLL01$h0651
=CAT  \\$a5552$b40$c20161122$lBLL01$h1139
=CFI  0\$aCurrent copyright fee: GBP22.00$c74\0$e31-oct-2012$fGBP22.00$g0$hP$5Uk
=CFI  2\$aPrevious copyright fee: GBP12.00$c0$e01-jan-2012$fGBP12.00$g0$hA$5Uk
=FFP  \\$aY$bBLDSS-3PM
=FIN  \\$aY$d20060919
=TCO  \\$aCLA$bCLA$c008
=TOC  \\$aETOC
=UNO  \\$aY
=ACF  \\$aPrevious copyright fee: GBP10.50$c0$e01-jan-2011$fGBP10.50$g0$hA$5Uk
=ACF  \\$aPrevious copyright fee: GBP18.00$c0$e01-jan-2010$fGBP18.00$g0$hC$5Uk
=ACF  \\$aPrevious copyright fee: GBP17.00$c19\0$e01-jan-2009$fGBP17.00$g0$hP$5Uk
=ACF  \\$aPrevious Copyright Fee: GBP14.50$c19\0$e23-feb-2007$fGBP14.50$g0$hP$5Uk
=LAS  \\$a5552$b40$c20161122$lBLL01$h1139

