=LDR  01627 as a22005057a 4500
=001  013014903
=003  Uk
=005  20170427153231.0
=006  m\\\\\\\\d\|\\\\\\
=007  cr||||||||||||
=008  041014c20049999enktr\\\s\\\\\0\\\a0eng\\
=FMT  \\$a  SE
=022  0\$a1745-5243$202
=040  \\$aUk$beng$cUk
=042  \\$aissnuk
=222  \0$aJournal of moral philosophy$b(Online)
=245  00$aJournal of moral philosophy.
=260  \\$aLondon :$bSage.
=310  \\$aThree issues yearly
=336  \\$atext$2rdacontent
=337  \\$acomputer$2rdamedia
=338  \\$aonline resource$2rdacarrier
=540  \\$aCurrent copyright fee: GBP22.00$c74\0$5Uk
=776  0\$tJournal of moral philosophy$x1740-4681
=856  \\$31850-9999$uhttp://www.brill.com/$xBLDSS
=856  40$uhttp://mpj.sagepub.com/
=945  \\$aJournal of moral philosophy.
=979  \\$aBritish Library$cDSC$j5020.955000
=CAT  \\$a8128$b40$c20041014$lBLL01$h1611
=CAT  \\$a6537$b40$c20060919$lBLL01$h1431
=CAT  \\$a8439$b40$c20121105$lBLL01$h0928
=CAT  \\$aBLDSS-3PM$b00$c20150131$lBLL01$h2312
=CAT  \\$aBATCH-UPD$b00$c20160413$lBLL01$h1819
=CAT  \\$aBATCH-UPD$b00$c20160524$lBLL01$h2300
=CAT  \\$aBATCH-UPD$b00$c20160525$lBLL01$h0651
=CAT  \\$a5552$b40$c20170418$lBLL01$h0851
=CAT  \\$a5410$b40$c20170427$lBLL01$h1532
=CFI  0\$aCurrent copyright fee: GBP22.00$c74\0$e05-nov-2012$fGBP22.00$g0$hP$5Uk
=FFP  \\$aY$bBLDSS-3PM
=FIN  \\$aY$d20060919
=MNI  \\$a1740-4681
=TCO  \\$aCLA$bCLA$c008
=TOC  \\$aETOC
=UNO  \\$aY
=LAS  \\$a5410$b40$c20170427$lBLL01$h1532

