=LDR  02215 as a2200625 a 4500
=001  013014911
=003  Uk
=005  20170407120021.0
=006  m\\\\\\\\d\|\\\\\\
=007  cr||||||||||||
=008  041014c20049999enkfr\\\s\\\\\0\\\a0eng\\
=FMT  \\$a  SE
=022  0\$a1745-5251$202
=040  \\$aUk$beng$cUk$dUk
=042  \\$aissnuk
=082  04$a269.4$220
=222  \0$aJournal of Pentecostal theology$b(Online)
=245  00$aJournal of Pentecostal theology.
=246  13$aJPT
=260  \\$aLondon :$bSage.
=260  3\$32008- :$aLeiden, Netherlands :$bBrill
=310  \\$aTwo issues yearly
=336  \\$atext$2rdacontent
=337  \\$acomputer$2rdamedia
=338  \\$aonline resource$2rdacarrier
=362  1\$aBegan with: Vol. 1, no. 1 (Oct. 1992).
=550  \\$aIssued by: Church of God (Cleveland, Tenn.). School of Theology.
=540  \\$aCurrent copyright fee: GBP22.00$c74\0$5Uk
=650  \0$aPentecostalism$vPeriodicals.
=650  \0$aPentecostal churches$xDoctrines$vPeriodicals.
=650  \0$aTheology, Doctrinal$vPeriodicals.
=776  08$iAlso issued in print as:$tJournal of Pentecostal theology$x0966-7369
=856  \\$31850-9999$uhttp://www.brill.com/$xBLDSS
=856  40$uhttp://jpt.sagepub.com/
=856  40$uhttp://openurl.ingenta.com/content?genre=journal&issn=0966-7369
=945  \\$aJournal of Pentecostal theology.
=979  \\$aBritish Library$bDSC$j5030.525000N
=CAT  \\$a8128$b40$c20041014$lBLL01$h1616
=CAT  \\$a8128$b40$c20041014$lBLL01$h1734
=CAT  \\$a7236$b40$c20041019$lBLL01$h1217
=CAT  \\$a6537$b40$c20060919$lBLL01$h1433
=CAT  \\$a8439$b40$c20121105$lBLL01$h0932
=CAT  \\$a8201$b40$c20140929$lBLL01$h1500
=CAT  \\$aBLDSS-3PM$b00$c20150131$lBLL01$h2312
=CAT  \\$aBATCH-UPD$b00$c20160413$lBLL01$h1819
=CAT  \\$aBATCH-UPD$b00$c20160524$lBLL01$h2300
=CAT  \\$aBATCH-UPD$b00$c20160525$lBLL01$h0651
=CAT  \\$a5552$b40$c20170407$lBLL01$h1200
=CFI  0\$aCurrent copyright fee: GBP22.00$c74\0$e05-nov-2012$fGBP22.00$g0$hP$5Uk
=FFP  \\$aY$bBLDSS-3PM
=FIN  \\$aY$d20060919
=TCO  \\$aCLA$bCLA$c008
=TOC  \\$aETOC
=UNO  \\$aY
=LAS  \\$a5552$b40$c20170407$lBLL01$h1200

