=LDR  03759cas a2200901 i 4500
=001  013014960
=003  Uk
=005  20230511162848.0
=006  m\\\\\\\\d\|\\\\\\
=007  cr||||||||||||
=008  041014c20049999enktr\\\s\\\\\0\\\a0eng\\
=FMT  \\$a  SE
=022  0\$a1745-5316$202
=040  \\$aUk$beng$cUk$dUk
=042  \\$aissnuk
=082  04$a262.005$222
=222  \0$aEcclesiology$b(Online)
=245  00$aEcclesiology.
=264  \1$aLondon :$bSage,$c2004-
=310  \\$aThree issues yearly
=336  \\$atext$2rdacontent
=337  \\$acomputer$2rdamedia
=338  \\$aonline resource$2rdacarrier
=540  \\$aCurrent copyright fee: GBP22.00$c74\0$5Uk
=650  \0$aChurch$vPeriodicals.
=650  \0$aMission of the church$vPeriodicals.
=710  2\$aCentre for the Study of the Christian Church.
=776  08$iAlso issued in print as:$tEcclesiology$x1744-1366
=856  \\$31850-9999$uhttp://www.uk.sagepub.com$xBLDSS
=856  40$uhttp://ecc.sagepub.com/
=945  \\$aEcclesiology.
=979  \\$aBritish Library$bDSC$j3647.342550N
=CAT  \\$a8128$b40$c20041014$lBLL01$h1712
=CAT  \\$aWR12_168$c20121206$lBLL01$h1815
=CAT  \\$aBATCH-CLA$c20131220$lBLL01$h2030
=CAT  \\$aIPL-CLA$c20131231$lBLL01$h2342
=CAT  \\$a8201$b40$c20140929$lBLL01$h1546
=CAT  \\$a5552$b40$c20150417$lBLL01$h1111
=CAT  \\$aBLDSS-3PM$b00$c20150513$lBLL01$h0806
=CAT  \\$a6550$b40$c20150514$lBLL01$h1421
=CAT  \\$aBATCH-UPD$b40$c20150520$lBLL01$h1722
=CAT  \\$aIPL-CLA$c20150630$lBLL01$h1645
=CAT  \\$aBATCH-UPD$b00$c20150820$lBLL01$h1816
=CAT  \\$aIPL-CLA$c20150930$lBLL01$h1804
=CAT  \\$aBATCH-UPD$b00$c20160217$lBLL01$h1700
=CAT  \\$aIPL-CLA$c20160331$lBLL01$h1725
=CAT  \\$aBATCH-UPD$b00$c20160413$lBLL01$h1819
=CAT  \\$aBATCH-UPD$b00$c20160824$lBLL01$h1739
=CAT  \\$aBATCH-UPD$b00$c20160824$lBLL01$h1820
=CAT  \\$aIPL-CLA$c20160930$lBLL01$h1602
=CAT  \\$a5410$b40$c20161121$lBLL01$h1602
=CAT  \\$aBATCH-UPD$b40$c20170216$lBLL01$h1827
=CAT  \\$aIPL-CLA$c20170331$lBLL01$h1843
=CAT  \\$aBATCH-UPD$b00$c20170904$lBLL01$h1833
=CAT  \\$aIPL-CLA$c20170929$lBLL01$h1727
=CAT  \\$aBATCH-UPD$b00$c20180223$lBLL01$h1650
=CAT  \\$aIPL-CLA$c20180331$lBLL01$h1618
=CAT  \\$a5552$b40$c20180801$lBLL01$h1213
=CAT  \\$aBATCH-FIX$c20230511$lBLL01$h1628
=CFI  0\$aCurrent copyright fee: GBP22.00$c74\0$e01-aug-2018$fGBP22.00$g0$hP$5Uk
=CFI  2\$aPrevious copyright fee: GBP25.71$c19\0$e01-apr-2018$fGBP25.71$g0$hP$5Uk
=FFP  \\$aY$bBLDSS-3PM
=FIN  \\$aY$d20060920
=TCO  \\$aCLA$bCLA$c008
=UNO  \\$aY
=ACF  \\$aPrevious copyright fee: GBP27.69$c19\0$e01-oct-2017$fGBP27.69$g0$hP$5Uk
=ACF  \\$aPrevious copyright fee: GBP9.00$c0$e01-apr-2010$fGBP9.00$g0$hA$5Uk
=ACF  \\$aPrevious copyright fee: GBP6.00$c0$e28-aug-2008$fGBP6.00$g0$hA$5Uk
=ACF  \\$aPrevious copyright fee: GBP10.50$c0$e01-jan-2011$fGBP10.50$g0$hA$5Uk
=ACF  \\$aPrevious Copyright Fee: GBP12.30$c0$e01-jan-2014$fGBP12.30$g0$hA$5Uk
=ACF  \\$aPrevious copyright fee: GBP12.00$c0$e01-jan-2012$fGBP12.00$g0$hA$5Uk
=ACF  \\$aPrevious Copyright Fee: GBP19.35$c19\0$e17-apr-2015$fGBP19.35$g0$hP$5Uk
=ACF  \\$aPrevious copyright fee: GBP20.00$c19\0$e01-jul-2015$fGBP20.00$g0$hP$5Uk
=ACF  \\$aPrevious copyright fee: GBP19.35$c19\0$e01-oct-2015$fGBP19.35$g0$hP$5Uk
=ACF  \\$aPrevious copyright fee: GBP24.83$c19\0$e01-apr-2016$fGBP24.83$g0$hP$5Uk
=ACF  \\$aPrevious copyright fee: GBP26.67$c19\0$e01-oct-2016$fGBP26.67$g0$hP$5Uk
=ACF  \\$aPrevious copyright fee: GBP28.80$c19\0$e01-apr-2017$fGBP28.80$g0$hP$5Uk
=LAS  \\$aBATCH-FIX$b00$c20230511$lBLL01$h1628

