=LDR  02250cas a22005897a 4500
=001  013037951
=003  Uk
=005  20230801082346.0
=006  m\\\\\\\\d\|\\\\\\
=007  cr||||||||||||
=008  041116d20052008enktr\p\s\\\\\0\\\a0eng\\
=FMT  \\$a  SE
=022  0\$a1745-8161$202
=040  \\$aUk$beng$cUk$dUk
=042  \\$aissnuk
=222  \0$aLibrary history$b(Online)
=245  00$aLibrary history$h[electronic resource].
=260  \\$aLeeds :$bManey Publishing
=310  \\$aThree issues yearly
=336  \\$atext$2rdacontent
=337  \\$acomputer$2rdamedia
=338  \\$aonline resource$2rdacarrier
=540  \\$aCurrent copyright fee: GBP15.00$c121\0$5Uk
=776  0\$tLibrary history$x0024-2306
=785  00$tLibrary & information history$c(Online)$x1758-3497
=856  \\$31850-9999$uhttp://www.tandfonline.com/$xBLDSS
=856  4\$uhttp://www.ingentaconnect.com/content/maney/lbh?
=945  \\$aLibrary history.
=979  \\$aBritish Library$bDSC$j5198.900000
=CAT  \\$a11316$b40$c20041116$lBLL01$h1233
=CAT  \\$a8124$b40$c20070113$lBLL01$h1251
=CAT  \\$a10806$b40$c20090320$lBLL01$h1313
=CAT  \\$a11316$b40$c20090511$lBLL01$h1519
=CAT  \\$a5552$b40$c20190110$lBLL01$h1418
=CAT  \\$aBLDSS-3PM$b00$c20190115$lBLL01$h1424
=CAT  \\$aBATCH-UPD$b00$c20190115$lBLL01$h1429
=CAT  \\$aBATCH-UPD$b00$c20191122$lBLL01$h1921
=CAT  \\$aIPL-CLA$c20191231$lBLL01$h1930
=CAT  \\$aBATCH-UPD$b00$c20201118$lBLL01$h1354
=CAT  \\$aIPL-CLA$c20201231$lBLL01$h2156
=CAT  \\$aBATCH-UPD$b00$c20221121$lBLL01$h1429
=CAT  \\$aIPL-CLA$c20221231$lBLL01$h2102
=CAT  \\$a12654$b40$c20230801$lBLL01$h0823
=CFI  0\$aCurrent copyright fee: GBP15.00$c121\0$e01-aug-2023$fGBP15.00$g0$hP$5Uk
=CFI  2\$aPrevious copyright fee: GBP37.00$c47\0$e01-jan-2023$fGBP37.00$g0$hP$5Uk
=CFI  2\$aPrevious copyright fee: GBP35.00$c47\0$e01-jan-2021$fGBP35.00$g0$hP$5Uk
=FFP  \\$aY$bBLDSS-3PM
=FIN  \\$aY$d20070113
=TCO  \\$aCLA$bCLA$c008
=ACF  \\$aPrevious copyright fee: GBP32.00$c47\0$e10-jan-2019$fGBP32.00$g0$hP$5Uk
=ACF  \\$aPrevious copyright fee: GBP34.00$c47\0$e01-jan-2020$fGBP34.00$g0$hP$5Uk
=LAS  \\$a12654$b40$c20230801$lBLL01$h0823

