=LDR  01501 as a22004817a 4500
=001  013108654
=003  Uk
=005  20170519120522.0
=006  m\\\\\\\\d\|\\\\\\
=007  cr||||||||||||
=008  050210c20049999enktr\p\s\\\\\0\\\a0eng\\
=FMT  \\$a  SE
=022  0\$a1746-6091$202
=040  \\$aUk$beng$cUk
=042  \\$aissnuk
=222  \0$aGroupwork$b(Online)
=245  00$aGroupwork.
=246  3\$aGroup work
=260  \\$aLondon :$bWhiting & Birch
=310  \\$aThree issues yearly
=336  \\$atext$2rdacontent
=337  \\$acomputer$2rdamedia
=338  \\$aonline resource$2rdacarrier
=540  \\$aCurrent Copyright Fee: GBP10.00$c79\0$5Uk
=776  0\$tGroupwork$x0951-824X
=856  \\$31850-9999$uhttp://www.whitingbirch.net/$xBLDSS
=856  40$uhttp://www.ingentaconnect.com/content/wab/gijwg
=945  \\$aGROUPWORK -LONDON-.
=979  \\$aBritish Library$bDSC$j4220.460000
=CAT  \\$a11316$b40$c20050210$lBLL01$h1428
=CAT  \\$a6537$b40$c20061004$lBLL01$h1119
=CAT  \\$a5552$b40$c20121204$lBLL01$h0918
=CAT  \\$a5552$b40$c20121204$lBLL01$h0934
=CAT  \\$aBLDSS-3PM$b00$c20150131$lBLL01$h2312
=CAT  \\$aBATCH-UPD$b00$c20160413$lBLL01$h1819
=CAT  \\$a5552$b40$c20170519$lBLL01$h1205
=CFI  0\$aCurrent copyright fee: GBP10.00$c79\0$e04-dec-2012$fGBP10.00$g0$hP$5Uk
=FFP  \\$aY$bBLDSS-3PM
=FIN  \\$aY$d20061004
=TCO  \\$aCLA$bCLA$c008
=TOC  \\$aETOC
=UNO  \\$aY
=LAS  \\$a5552$b40$c20170519$lBLL01$h1205

