=LDR  01853 as a22005177a 4500
=001  013108680
=003  Uk
=005  20170317161011.0
=006  m\\\\\\\\d\|\\\\\\
=007  cr||||||||||||
=008  050210c20049999enkfr\p\s\\\\\0\\\a0eng\\
=FMT  \\$a  SE
=022  0\$a1746-6113$202
=040  \\$aUk$beng$cUk$dUk
=042  \\$aissnuk
=222  \4$aThe journal of practice teaching in social work and health$b(Online)
=245  04$aThe journal of practice teaching in social work and health.
=260  \\$aLondon :$bWhiting & Birch
=310  \\$aSemiannual
=336  \\$atext$2rdacontent
=337  \\$acomputer$2rdamedia
=338  \\$aonline resource$2rdacarrier
=540  \\$aCurrent Copyright Fee: GBP10.00$c79\0$5Uk
=776  0\$tJournal of practice teaching in social work and health$g-2005$x1460-6690
=776  0\$tJournal of practice teaching & learning$g2006-$x1759-5150
=856  \\$31850-9999$uhttp://www.whitingbirch.net/$xBLDSS
=856  40$uhttp://www.ingentaconnect.com/content/wab/jpthsw
=945  \\$aJournal of practice teaching in social work and health.
=979  \\$aBritish Library$bDSC$j5041.825000N
=CAT  \\$a11316$b40$c20050210$lBLL01$h1438
=CAT  \\$a6537$b40$c20061004$lBLL01$h1142
=CAT  \\$a8871$b40$c20090316$lBLL01$h1130
=CAT  \\$a5552$b40$c20121204$lBLL01$h0924
=CAT  \\$a5552$b40$c20121204$lBLL01$h0933
=CAT  \\$aBLDSS-3PM$b00$c20150131$lBLL01$h2312
=CAT  \\$aBATCH-UPD$b00$c20160413$lBLL01$h1819
=CAT  \\$a5552$b40$c20170216$lBLL01$h1348
=CAT  \\$a5410$b40$c20170317$lBLL01$h1610
=CFI  0\$aCurrent copyright fee: GBP10.00$c79\0$e04-dec-2012$fGBP10.00$g0$hP$5Uk
=FFP  \\$aY$bBLDSS-3PM
=FIN  \\$aY$d20061004
=MNI  \\$a1460-6690
=TCO  \\$aCLA$bCLA$c008
=TOC  \\$aETOC
=UNO  \\$aY
=LAS  \\$a5410$b40$c20170317$lBLL01$h1610

