=LDR  02834 as a2200697 a 4500
=001  013115668
=003  Uk
=005  20201119092008.0
=006  m\\\\\\\\d\|\\\\\\
=007  cr||||||||||||
=008  050218d20052005enkfr\p\s\\\\\0\\\a0eng\\
=FMT  \\$a  SE
=015  \\$aGBB021046$2bnb
=022  0\$a1746-6385$202
=040  \\$aUk$beng$cUk$dUk
=042  \\$aissnuk$aukblsr
=082  04$a323.607114$222
=130  0\$aInternational journal of citizenship and teacher education (Online)
=210  0\$aInt. j. citizsh. teach. educ.$b(Online)
=222  \0$aInternational journal of citizenship and teacher education$b(Online)
=245  10$aInternational journal of citizenship and teacher education$h[electronic resource].
=260  \\$aCanterbury :$bCitizED,$c2005.
=310  \\$aSemiannual
=336  \\$atext$2rdacontent
=337  \\$acomputer$2rdamedia
=338  \\$aonline resource$2rdacarrier
=362  0\$aVol. 1, no. 1 (July 2005)-v. 1, no. 2 (Dec. 2005).
=538  \\$aMode of access: World Wide Web.
=538  \\$aSystem requirements: Adobe Acrobat Reader.
=500  \\$aDescription based on Vol. 1, issue 1 (2006); title from PDF caption, (viewed on 6 Feb. 2010).
=500  \\$aLatest issue consulted: Vol. 6, issue 3 (2009).
=540  \\$aCurrent copyright fee: GBP10.00$c122\0$5Uk
=650  \0$aCitizenship$vPeriodicals.
=650  \0$aTeachers$xTraining of$vPeriodicals.
=776  08$iAlso issued in print:$tInternational journal of citizenship and teacher education$x1746-6377
=785  00$tCitizenship teaching and learning (Online)$x1751-1925
=856  \\$31850-9999$uhttp://www.intellectbooks.co.uk/journals/index/$xBLDSS
=856  40$uhttp://www.citized.info/ijcte/
=945  \\$aInternational journal of citizenship and teacher education.
=979  \\$aBritish Library$bDSC$j4542.167400N
=CAT  \\$a8870$b40$c20050218$lBLL01$h1435
=CAT  \\$a11439$b40$c20060207$lBLL01$h1342
=CAT  \\$a7152$b40$c20060314$lBLL01$h1143
=CAT  \\$a8323$b40$c20061108$lBLL01$h0808
=CAT  \\$a7332$b40$c20100206$lBLL01$h1304
=CAT  \\$a7332$b40$c20100216$lBLL01$h1046
=CAT  \\$a3072$b40$c20110728$lBLL01$h1321
=CAT  \\$a7792$b40$c20121112$lBLL01$h0923
=CAT  \\$aWR14_140$c20140905$lBLL01$h1807
=CAT  \\$a5552$b40$c20160921$lBLL01$h1142
=CAT  \\$aBLDSS-3PM$b00$c20160927$lBLL01$h1707
=CAT  \\$aBATCH-UPD$b00$c20160927$lBLL01$h1717
=CAT  \\$aW1711-1225$c20171203$lBLL01$h1021
=CAT  \\$a6490$b40$c20201119$lBLL01$h0920
=CFI  0\$aCurrent copyright fee: GBP10.00$c122\0$e21-sep-2016$fGBP10.00$g0$hP$5Uk
=FFP  \\$aY$bBLDSS-3PM
=FIN  \\$aY$d20060207
=LET  \0$aInternational journal of citizenship and teacher education (Online)
=TCO  \\$aCLA$bCLA$c008
=UNO  \\$aY
=LAS  \\$a6490$b40$c20201119$lBLL01$h0920

