=LDR  01775cas a22005057a 4500
=001  013133303
=003  Uk
=005  20230426110837.0
=006  m\\\\\\\\d\|\\\\\\
=007  cr||||||||||||
=008  050311d20042009enkfr\m\s\\\\\0\\\a0eng\\
=FMT  \\$a  SE
=022  0\$a1746-8272$202
=040  \\$aUk$beng$cUk
=042  \\$aissnuk
=210  0\$aNucleic acids symp. ser.$b(Online)
=222  \0$aNucleic acids symposium series$b(Online)
=245  00$aNucleic acids symposium series.
=260  \\$aOxford :$bOxford University Press,$c2004-2009.
=310  \\$aSemiannual
=336  \\$atext$2rdacontent
=337  \\$acomputer$2rdamedia
=338  \\$aonline resource$2rdacarrier
=362  1\$aCeased with Volume 53, Issue 1 (September/October 2009)
=540  \\$aCurrent Copyright Fee: zero$c29\0$5Uk
=776  0\$tNucleic acids symposium series$x0261-3166
=856  \\$31850-9999$uhttp://www.oxfordjournals.org/$xBLDSS
=856  4\$uhttp://nass.oupjournals.org
=945  \\$aNucleic acids symposium series.
=979  \\$aBritish Library$bDSC$j6183.860000
=CAT  \\$a8870$b40$c20050311$lBLL01$h1332
=CAT  \\$a5552$b40$c20161117$lBLL01$h1411
=CAT  \\$aBLDSS-3PM$b00$c20161123$lBLL01$h1724
=CAT  \\$aBATCH-UPD$b00$c20161123$lBLL01$h1810
=CAT  \\$aR1911-1518$c20191206$lBLL01$h1444
=CAT  \\$aIPL-CLA$c20191231$lBLL01$h1932
=CAT  \\$a8250$b40$c20220309$lBLL01$h0833
=CAT  \\$aBATCH-SUPP$c20230426$lBLL01$h1108
=CFI  0\$aCurrent Copyright Fee: zero$c29\0$e01-jan-2020$fGBP0.00$g0$hP$5Uk
=CFI  2\$aPrevious copyright fee: zero$c29\0$e17-nov-2016$fGBP0.00$g0$hP$5Uk
=FFP  \\$aY$bBLDSS-3PM
=FIN  \\$aY$d20050311
=TCO  \\$aCLA$bCLA$c008
=UNO  \\$aY
=LAS  \\$aBATCH-SUPP$b00$c20230426$lBLL01$h1108

