=LDR  01703cas a22004937a 4500
=001  013226475
=003  Uk
=005  20230628010536.0
=006  m\\\\\\\\d\|\\\\\\
=007  cr||||||||||||
=008  050622d20062013enktr\p\s\\\\\0\\\a0eng\\
=FMT  \\$a  SE
=022  0\$a1748-0612$202
=040  \\$aUk$beng$cUk
=042  \\$aissnuk
=222  \0$aMethodological innovations on line
=245  00$aMethodological innovations on line.
=246  13$aMethodological innovations online
=260  \\$aPlymouth :$bUniversity of Plymouth
=310  \\$aThree issues yearly
=336  \\$atext$2rdacontent
=337  \\$acomputer$2rdamedia
=338  \\$aonline resource$2rdacarrier
=540  \\$aCurrent copyright fee: zero$c19\0$5Uk
=595  \\$aContinued as 5746.385000N
=710  2\$aUniversity of Plymouth.$bSchool of Sociology, Politics and Law.
=785  00$tMethodological innovations$x2059-7991
=856  \\$31850-9999$uhttp://www.uk.sagepub.com/home.nav$xBLDSS
=856  40$uhttp://sirius.soc.plymouth.ac.uk/~andyp/
=979  \\$aBritish Library$bDSC$j5046.380500N
=CAT  \\$a11316$b40$c20050622$lBLL01$h1032
=CAT  \\$a6537$b40$c20061013$lBLL01$h1413
=CAT  \\$a5100$b40$c20061027$lBLL01$h0750
=CAT  \\$a8483$b40$c20210303$lBLL01$h1218
=CAT  \\$a12654$b40$c20230623$lBLL01$h1353
=CAT  \\$aBLDSS-3PM$b00$c20230627$lBLL01$h0836
=CAT  \\$aBATCH-UPD$b00$c20230627$lBLL01$h0836
=CAT  \\$aBATCH-UNOA$c20230628$lBLL01$h0105
=CFI  0\$aCurrent copyright fee: zero$c19\0$e23-jun-2023$fGBP0.00$g0$hP$5Uk
=FFP  \\$aY$bBLDSS-3PM
=FIN  \\$aY$d20061013
=TCO  \\$aCLA$bCLA$c008
=UNO  \\$aY
=LAS  \\$aBATCH-UNOA$b00$c20230628$lBLL01$h0105

