=LDR  05601 as a2201237 a 4500
=001  013269361
=003  Uk
=005  20200813121155.0
=006  m\\\\\o\\d\\\\\\\\
=007  cr\cnu
=008  021206c20039999nyumx\pso\\\\\0\\\a0eng\c
=FMT  \\$a  SE
=010  \\$a  2002215610
=022  0\$a1542-7749$l1542-7730$21
=030  \\$aAQCUAE
=035  \\$a(OCoLC)ocm51175314
=040  \\$aNSDP$beng$cNSDP$dCaQMU$dMCM$dOCoLC$dNSDP$dOCoLC$dCU-S$dOCoLC$dUk
=042  \\$aukblsr
=050  00$aQA76.758
=082  04$a005.1$223
=130  0\$aACM queue (Online)
=222  \0$aACM queue$b(Online)
=245  10$aACM queue$h[electronic resource] :$btomorrow's computing today.
=246  1\$iIssues from some providers have title:$aQueue
=260  \\$aNew York :$bAssociation for Computing Machinery New York,$c2003-.
=260  \\$aNew York, N.Y. :$bACM,$c2003-
=310  \\$aTen no. a year
=336  \\$atext$2rdacontent
=337  \\$acomputer$2rdamedia
=338  \\$aonline resource$2rdacarrier
=362  0\$aVol. 1, no. 1 (Mar. 2003)-
=540  \\$aCurrent copyright fee: GBP10.00$c65\0$5Uk
=500  \\$aTitle from caption (ACM Press, viewed Sept. 25, 2003).
=538  \\$aMode of access: World Wide Web.
=588  \\$aLatest issue consulted: Vol. 1, issue 6 (Sept. 2003) (viewed Dec. 2003).
=650  \0$aSoftware engineering$vPeriodicals.
=650  \0$aComputer software$xDevelopment$vPeriodicals.
=710  2\$aAssociation for Computing Machinery.
=776  08$iPrint version:$tACM queue$x1542-7730
=780  00$tACM queue$x1542-7730
=856  \\$31850-9999$uhttp://www.acm.org/$xBLDSS
=856  40$uhttp://portal.acm.org/queue/
=856  40$uhttp://www.acmqueue.com/
=945  \\$aACM Queue
=979  \\$aBritish Library$cDSC$j0578.636500
=985  \\$eeserial 200406
=CAT  \\$a8193$b40$c20050809$lBLL01$h1700
=CAT  \\$aBATCH-CLA$b00$c20100602$lBLL01$h1404
=CAT  \\$aBATCH-UPD$b00$c20100630$lBLL01$h1934
=CAT  \\$aBATCH-UPD$b00$c20100630$lBLL01$h2002
=CAT  \\$aIPL-CLA$c20100630$lBLL01$h2030
=CAT  \\$aBATCH-CLA$b00$c20100831$lBLL01$h1522
=CAT  \\$aIPL-CLA$c20100930$lBLL01$h1528
=CAT  \\$aBATCH-CLA$b00$c20101115$lBLL01$h1604
=CAT  \\$aIPL-CLA$c20101231$lBLL01$h1516
=CAT  \\$aBATCH-CLA$b00$c20110531$lBLL01$h1642
=CAT  \\$aIPL-CLA$c20110630$lBLL01$h1545
=CAT  \\$aBATCH-CLA$b00$c20110831$lBLL01$h1756
=CAT  \\$aIPL-CLA$c20110930$lBLL01$h1549
=CAT  \\$aBATCH-CLA$b00$c20111130$lBLL01$h1157
=CAT  \\$aIPL-CLA$c20111230$lBLL01$h2021
=CAT  \\$aBATCH-CLA$b00$c20120229$lBLL01$h1616
=CAT  \\$aIPL-CLA$c20120330$lBLL01$h1436
=CAT  \\$a5552$b40$c20120411$lBLL01$h1552
=CAT  \\$aBATCH-UPD$b40$c20121105$lBLL01$h1142
=CAT  \\$aBATCH-CLA$b00$c20121109$lBLL01$h1728
=CAT  \\$aWR12_168$c20121206$lBLL01$h1816
=CAT  \\$a8201E$b40$c20140918$lBLL01$h1525
=CAT  \\$aBLDSS-3PM$b00$c20150131$lBLL01$h2312
=CAT  \\$a8874$b40$c20150317$lBLL01$h1318
=CAT  \\$aBATCH-UPD$b40$c20160413$lBLL01$h1819
=CAT  \\$a15408$b40$c20200813$lBLL01$h1211
=CFI  0\$aCurrent copyright fee: GBP10.00$c65\0$e11-apr-2012$fGBP10.00$g0$hP$5Uk
=CFI  2\$aPrevious Copyright Fee: GBP9.68$c0$e01-apr-2012$fGBP9.68$g0$hC$5Uk
=FFP  \\$aY$bBLDSS-3PM
=SID  \\$aZ39$bLOC
=TCO  \\$aTRS$bCCC$c008
=TOC  \\$aETOC
=UNO  \\$aY
=ACF  \\$aPrevious Copyright Fee: GBP6.00$c0$e01-jan-2012$fGBP6.00$g0$hC$5Uk
=ACF  \\$aPrevious Copyright Fee: GBP6.00$c0$e01-oct-2011$fGBP6.00$g0$hC$5Uk
=ACF  \\$aPrevious Copyright Fee: GBP6.00$c0$e01-jul-2011$fGBP6.00$g0$hC$5Uk
=ACF  \\$aPrevious Copyright Fee: GBP6.00$c0$e01-jan-2011$fGBP6.00$g0$hC$5Uk
=ACF  \\$aPrevious Copyright Fee: GBP6.00$c0$e01-oct-2010$fGBP6.00$g0$hC$5Uk
=ACF  \\$aPrevious Copyright Fee: GBP6.00$c0$e01-jul-2010$fGBP6.00$g0$hC$5Uk
=ACF  \\$aPrevious Copyright Fee: GBP6.00$c0$e01-apr-2010$fGBP6.00$g0$hC$5Uk
=ACF  \\$aPrevious Copyright Fee: GBP6.00$c0$e01-Jan-2010$fGBP6.00$g0$hC$5Uk
=ACF  \\$aPrevious Copyright Fee: GBP6.00$c0$e01-oct-2009$fGBP6.00$g0$hC$5Uk
=ACF  \\$aPrevious Copyright Fee: GBP7.14$c0$e01-jul-2009$fGBP7.14$g0$hC$5Uk
=ACF  \\$aPrevious Copyright Fee: GBP3.57$c0$e01-apr-2009$fGBP3.57$g0$hC$5Uk
=ACF  \\$aPrevious Copyright Fee: GBP3.13$c0$e01-jan-2009$fGBP3.13$g0$hC$5Uk
=ACF  \\$aPrevious Copyright Fee: GBP2.50$c0$e01-oct-2008$fGBP2.50$g0$hC$5Uk
=ACF  \\$aPrevious Copyright Fee: GBP2.50$c0$e01-jul-2008$fGBP2.50$g0$hC$5Uk
=ACF  \\$aPrevious Copyright Fee: GBP2.50$c0$e01-apr-2008$fGBP2.50$g0$hC$5Uk
=ACF  \\$aPrevious Copyright Fee: GBP2.50$c0$e01-jan-2008$fGBP2.50$g0$hC$5Uk
=ACF  \\$aPrevious Copyright Fee: GBP2.50$c0$e01-oct-2007$fGBP2.50$g0$hC$5Uk
=ACF  \\$aPrevious Copyright Fee: GBP2.50$c0$e01-jul-2007$fGBP2.50$g0$hC$5Uk
=ACF  \\$aPrevious Copyright Fee: GBP2.56$c0$e01-apr-2007$fGBP2.56$g0$hC$5Uk
=ACF  \\$aPrevious Copyright Fee: GBP2.70$c0$e01-jan-2007$fGBP2.70$g0$hC$5Uk
=ACF  \\$aPrevious Copyright Fee: GBP2.70$c0$e01-oct-2006$fGBP2.70$g0$hC$5Uk
=ACF  \\$aPrevious Copyright Fee: GBP2.86$c0$e01-jul-2006$fGBP2.86$g0$hC$5Uk
=ACF  \\$aPrevious Copyright Fee: GBP2.86$c0$e01-apr-2006$fGBP2.86$g0$hC$5Uk
=ACF  \\$aPrevious Copyright Fee: GBP2.78$c0$e01-jan-2006$fGBP2.78$g0$hC$5Uk
=ACF  \\$aPrevious Copyright Fee: GBP2.70$c0$e01-oct-2005$fGBP2.70$g0$hC$5Uk
=ACF  \\$aPrevious copyright fee: GBP5.00$c0$e09-aug-2005$fGBP5.00$g0$hA$5Uk
=LAS  \\$a15408$b40$c20200813$lBLL01$h1211

