=LDR  02942cas a22007217a 4500
=001  013307773
=003  Uk
=005  20221231144635.0
=006  m\\\\\\\\d\|\\\\\\
=007  cr||||||||||||
=008  051006d20022004enkbx\\\s\\\\\0\\\a0eng\\
=FMT  \\$a  SE
=022  0\$a1503-1128$202
=040  \\$aUk$beng$cUk
=042  \\$aissnuk
=210  0\$aSarsia$b(Oslo. Online)
=222  \0$aSarsia$b(Oslo. Online)
=245  00$aSarsia.
=260  \\$aOslo ;$aBasingstoke :$bTaylor & Francis
=336  \\$atext$2rdacontent
=337  \\$acomputer$2rdamedia
=338  \\$aonline resource$2rdacarrier
=540  \\$aCurrent copyright fee: GBP43.00$c2\0$5Uk
=710  2\$aUniversitetet i Bergen.
=710  2\$aHavforskningsinstituttet (Norway)
=776  0\$tSarsia (Bergen. Trykt utg.)$x0036-4827
=785  00$tMarine biology research$c(Online)$x1745-1019
=856  \\$31850-9999$uhttp://www.tandfonline.com/$xBLDSS
=856  40$uhttp://journalsonline.tandf.co.uk/(ezhj4ceileaehej2ol4fyvnn)/app/home/journal.asp?referrer=parent&backto=linkingpublicationresults,1:300364,1
=945  \\$aSarsia -Bergen-
=979  \\$aBritish Library$bDSC$j8076.100000
=985  \\$aResponsibility for ISSN taken by ISSN UK from ISSN Norway, 06/10/05.
=CAT  \\$a6537$b40$c20051006$lBLL01$h1023
=CAT  \\$a5552$b40$c20160303$lBLL01$h0836
=CAT  \\$aIPL-CLA$c20160331$lBLL01$h1730
=CAT  \\$aBLDSS-3PM$b00$c20160404$lBLL01$h1601
=CAT  \\$aBATCH-UPD$b00$c20160413$lBLL01$h1820
=CAT  \\$aBATCH-UPD$b00$c20161122$lBLL01$h1505
=CAT  \\$aBATCH-UPD$b00$c20161122$lBLL01$h1536
=CAT  \\$aIPL-CLA$c20161230$lBLL01$h2146
=CAT  \\$a5552$b40$c20170222$lBLL01$h1520
=CAT  \\$aBATCH-UPD$b40$c20171121$lBLL01$h1655
=CAT  \\$aIPL-CLA$c20171231$lBLL01$h1647
=CAT  \\$aBATCH-UPD$b00$c20181217$lBLL01$h1644
=CAT  \\$aIPL-CLA$c20181231$lBLL01$h1542
=CAT  \\$aBATCH-UPD$b00$c20191122$lBLL01$h1906
=CAT  \\$aIPL-CLA$c20191231$lBLL01$h1935
=CAT  \\$aBATCH-UPD$b00$c20201118$lBLL01$h1340
=CAT  \\$aIPL-CLA$c20201231$lBLL01$h1529
=CAT  \\$aBATCH-UPD$b00$c20221121$lBLL01$h1339
=CAT  \\$aIPL-CLA$c20221231$lBLL01$h1446
=CFI  0\$aCurrent copyright fee: GBP43.00$c2\0$e01-jan-2023$fGBP43.00$g0$hP$5Uk
=CFI  2\$aPrevious copyright fee: GBP41.00$c2\0$e01-jan-2021$fGBP41.00$g0$hP$5Uk
=FFP  \\$aY$bBLDSS-3PM
=FIN  \\$aY$d20051006
=TCO  \\$aCLA$bCLA$c008
=TOC  \\$aETOC
=ACF  \\$aPrevious copyright fee: GBP31.00$c2\0$e01-apr-2016$fGBP31.00$g0$hP$5Uk
=ACF  \\$aPrevious copyright fee: GBP33.00$c2\0$e01-jan-2017$fGBP33.00$g0$hP$5Uk
=ACF  \\$aPrevious copyright fee: GBP35.00$c2\0$e01-jan-2018$fGBP35.00$g0$hP$5Uk
=ACF  \\$aPrevious copyright fee: GBP37.00$c2\0$e01-jan-2019$fGBP37.00$g0$hP$5Uk
=ACF  \\$aPrevious copyright fee: GBP39.00$c2\0$e01-jan-2020$fGBP39.00$g0$hP$5Uk
=LAS  \\$aIPL-CLA$b00$c20221231$lBLL01$h1446

