=LDR  03897cas a2200961 a 4500
=001  013350249
=003  Uk
=005  20230930110648.0
=006  m\\\\\\\\d\\\\\\\\
=007  cr\un\\\\\\\\\
=008  050614c19949999enkqr\pss\a\\\0\\\a0eng\d
=FMT  \\$a  SE
=015  \\$aGBA602582$2bnb
=022  0\$a1469-2856$202
=040  \\$aOCLCS$cOCLCS$dUk
=042  \\$aukblsr$aissnuk
=050  \4$aHV4997$b.A44
=082  04$a362.29$222
=130  0\$aAddiction abstracts (Online)
=210  0\$aAddict. abstr.$b(Online)
=222  \0$aAddiction abstracts$b(Online)
=245  10$aAddiction abstracts$h[electronic resource].
=260  \\$aBasingstoke, Hants, U.K. :$bCarfax Pub., Taylor & Francis
=310  \\$aQuarterly
=336  \\$atext$2rdacontent
=337  \\$acomputer$2rdamedia
=338  \\$aonline resource$2rdacarrier
=362  1\$aPrint began with v. 1, no. 1 (1994).
=500  \\$aPublished in conjunction with the National Addiction Centre in London.
=500  \\$aDescription based on print version record.
=530  \\$aAlso issued in print.
=538  \\$aMode of access: World Wide Web.
=540  \\$aCurrent copyright fee: GBP46.00$c2\0$5Uk
=650  \0$aAlcoholism$vAbstracts$vPeriodicals.
=650  \0$aAddicts$vAbstracts$vPeriodicals.
=650  \0$aCompulsive behavior$vAbstracts$vPeriodicals.
=650  \0$aSubstance abuse$vAbstracts$vPeriodicals.
=710  2\$aNational Addiction Centre (King's College London)
=776  1\$tAddiction abstracts$x0968-7610
=856  \\$31850-9999$uhttp://informahealthcare.com$xBLDSS
=856  4\$uhttp://www.tandf.co.uk/journals/titles/09687610.asp
=945  \\$aADDICTION ABSTRACTS.
=979  \\$aBritish Library$bDSC$j0678.553000N
=CAT  \\$a3072$b40$c20051130$lBLL01$h1441
=CAT  \\$aBATCH-UPD$b40$c20090804$lBLL01$h1441
=CAT  \\$a5552$b40$c20091106$lBLL01$h1430
=CAT  \\$aBATCH-UPD$b40$c20121125$lBLL01$h1435
=CAT  \\$aWR14_140$c20140905$lBLL01$h1810
=CAT  \\$aBLDSS-3PM$b00$c20141121$lBLL01$h1802
=CAT  \\$a5552$b40$c20150209$lBLL01$h0855
=CAT  \\$aBATCH-UPD$b40$c20151119$lBLL01$h1559
=CAT  \\$aIPL-CLA$c20151231$lBLL01$h1922
=CAT  \\$aBATCH-UPD$b00$c20160413$lBLL01$h1820
=CAT  \\$aBATCH-UPD$b00$c20160524$lBLL01$h2148
=CAT  \\$aBATCH-UPD$b00$c20160524$lBLL01$h2158
=CAT  \\$a5552$b40$c20160923$lBLL01$h1349
=CAT  \\$aBATCH-UPD$b40$c20161122$lBLL01$h1538
=CAT  \\$a5410$b40$c20161216$lBLL01$h1136
=CAT  \\$aIPL-CLA$c20161230$lBLL01$h2148
=CAT  \\$aBATCH-UPD$b00$c20171121$lBLL01$h1718
=CAT  \\$aIPL-CLA$c20171231$lBLL01$h1649
=CAT  \\$aBATCH-UPD$b00$c20181217$lBLL01$h1705
=CAT  \\$aIPL-CLA$c20181231$lBLL01$h1543
=CAT  \\$aBATCH-UPD$b00$c20210126$lBLL01$h1323
=CAT  \\$aIPL-CLA$c20210126$lBLL01$h1458
=CAT  \\$aBATCH-UPD$b00$c20221121$lBLL01$h1423
=CAT  \\$aIPL-CLA$c20221231$lBLL01$h2116
=CAT  \\$aR2308-1440$c20230824$lBLL01$h0928
=CAT  \\$aIPL-CLA$c20230930$lBLL01$h1106
=CFI  0\$aCurrent copyright fee: GBP46.00$c2\0$e01-oct-2023$fGBP46.00$g0$hP$5Uk
=CFI  2\$aPrevious copyright fee: GBP46.00$c45\0$e01-jan-2023$fGBP46.00$g0$hP$5Uk
=FFP  \\$aY$bBLDSS-3PM
=FIN  \\$aY$d20051130
=MNI  \\$a0968-7610
=SID  \\$aZ39$bOCLC
=TCO  \\$aCLA$bCLA$c008
=ACF  \\$aPrevious copyright fee: GBP33.00$c45\0$e06-nov-2009$fGBP33.00$g0$hP$5Uk
=ACF  \\$aPrevious copyright fee: GBP34.00$c45\0$e01-jan-2016$fGBP34.00$g0$hP$5Uk
=ACF  \\$aPrevious copyright fee: GBP36.00$c45\0$e01-jan-2017$fGBP36.00$g0$hP$5Uk
=ACF  \\$aPrevious copyright fee: GBP38.00$c45\0$e01-jan-2018$fGBP38.00$g0$hP$5Uk
=ACF  \\$aPrevious copyright fee: GBP40.00$c45\0$e01-jan-2019$fGBP40.00$g0$hP$5Uk
=ACF  \\$aPrevious copyright fee: GBP44.00$c45\0$e26-jan-2021$fGBP44.00$g0$hP$5Uk
=LAS  \\$aIPL-CLA$b00$c20230930$lBLL01$h1106

