=LDR  04097cas a2200949 a 4500
=001  013352109
=003  Uk
=005  20230930080737.0
=006  m\\\\\\\\d\\\\\\\\
=007  cr\cnu\\\\\\\\
=008  020422c19859999enkmr\pss\\\\\0\\\a0eng\d
=FMT  \\$a  SE
=015  \\$aGBA602947$2bnb
=022  0\$a1467-5846$y0266-3368$202
=040  \\$aAAA$cAAA$dOCLCQ$dUk
=042  \\$aukblsr$aissnuk
=082  04$a016.37133$222
=130  0\$aEducational technology abstracts (Online)
=222  \0$aEducational technology abstracts$b(Online)
=245  10$aEducational technology abstracts$h[electronic resource].
=260  \\$aAbingdon, England :$bCarfax
=310  \\$aQuarterly
=336  \\$atext$2rdacontent
=337  \\$acomputer$2rdamedia
=338  \\$aonline resource$2rdacarrier
=362  1\$aPrint began with vol. 1, no. 1, published in 1985.
=500  \\$aDescription based on: Jan. 1999; title from journal information screen.
=530  \\$aAlso issued in print and microfiche eds.
=538  \\$aMode of access: World Wide Web.
=540  \\$aCurrent copyright fee: GBP37.00$c2\0$5Uk
=650  \0$aEducational technology$vAbstracts$vPeriodicals.
=773  0\$tEducational research abstracts online$x1467-5900
=776  1\$tEducational technology abstracts$x0266-3368
=856  \\$31850-9999$uhttp://www.tandfonline.com/$xBLDSS
=856  4\$uhttp://www.ingentaselect.com/era
=945  \\$aEDUCATIONAL TECHNOLOGY ABSTRACTS.
=979  \\$aBritish Library$bDSC$j3662.530500
=CAT  \\$a6537$b40$c20051203$lBLL01$h1232
=CAT  \\$aBATCH-UPD$b00$c20131119$lBLL01$h1858
=CAT  \\$aIPL-CLA$c20131231$lBLL01$h2357
=CAT  \\$aWR14_140$c20140905$lBLL01$h1810
=CAT  \\$aBATCH-UPD$b00$c20141124$lBLL01$h1742
=CAT  \\$aBLDSS-3PM$b00$c20141130$lBLL01$h1248
=CAT  \\$aIPL-CLA$c20141231$lBLL01$h1653
=CAT  \\$aBATCH-UPD$b00$c20151119$lBLL01$h1520
=CAT  \\$aIPL-CLA$c20151231$lBLL01$h1922
=CAT  \\$aBATCH-UPD$b00$c20160413$lBLL01$h1820
=CAT  \\$aBATCH-UPD$b00$c20161122$lBLL01$h1443
=CAT  \\$aBATCH-UPD$b00$c20161122$lBLL01$h1447
=CAT  \\$aIPL-CLA$c20161230$lBLL01$h2149
=CAT  \\$a5552$b40$c20170202$lBLL01$h1340
=CAT  \\$aBATCH-UPD$b40$c20171121$lBLL01$h1623
=CAT  \\$aIPL-CLA$c20171231$lBLL01$h1649
=CAT  \\$aBATCH-UPD$b00$c20181217$lBLL01$h1629
=CAT  \\$aIPL-CLA$c20181231$lBLL01$h1543
=CAT  \\$aBATCH-UPD$b00$c20191122$lBLL01$h1842
=CAT  \\$aIPL-CLA$c20191231$lBLL01$h1937
=CAT  \\$aBATCH-UPD$b00$c20201118$lBLL01$h1324
=CAT  \\$aIPL-CLA$c20201231$lBLL01$h1529
=CAT  \\$aBATCH-UPD$b00$c20221121$lBLL01$h1319
=CAT  \\$aIPL-CLA$c20221231$lBLL01$h1446
=CAT  \\$aR2308-1440$c20230824$lBLL01$h0928
=CAT  \\$aIPL-CLA$c20230930$lBLL01$h0807
=CFI  0\$aCurrent copyright fee: GBP37.00$c2\0$e01-oct-2023$fGBP37.00$g0$hP$5Uk
=CFI  2\$aPrevious copyright fee: GBP37.00$c1\0$e01-jan-2023$fGBP37.00$g0$hP$5Uk
=FFP  \\$aY$bBLDSS-3PM
=FIN  \\$aY$d20051203
=SID  \\$aZ39$bOCLC
=TCO  \\$aCLA$bCLA$c008
=TOC  \\$aETOC
=ACF  \\$aPrevious copyright fee: GBP21.00$c1\0$e31-MAR-2011$fGBP21.00$g0$hP$5Uk
=ACF  \\$aPrevious copyright fee: GBP23.00$c1\0$e01-jan-2012$fGBP23.00$g0$hP$5Uk
=ACF  \\$aPrevious copyright fee: GBP23.50$c1\0$e01-jan-2013$fGBP23.50$g0$hP$5Uk
=ACF  \\$aPrevious copyright fee: GBP24.00$c1\0$e01-jan-2014$fGBP24.00$g0$hP$5Uk
=ACF  \\$aPrevious copyright fee: GBP25.00$c1\0$e01-jan-2015$fGBP25.00$g0$hP$5Uk
=ACF  \\$aPrevious copyright fee: GBP26.00$c1\0$e01-jan-2016$fGBP26.00$g0$hP$5Uk
=ACF  \\$aPrevious copyright fee: GBP28.00$c1\0$e01-jan-2017$fGBP28.00$g0$hP$5Uk
=ACF  \\$aPrevious copyright fee: GBP30.00$c1\0$e01-jan-2018$fGBP30.00$g0$hP$5Uk
=ACF  \\$aPrevious copyright fee: GBP32.00$c1\0$e01-jan-2019$fGBP32.00$g0$hP$5Uk
=ACF  \\$aPrevious copyright fee: GBP34.00$c1\0$e01-jan-2020$fGBP34.00$g0$hP$5Uk
=ACF  \\$aPrevious copyright fee: GBP35.00$c1\0$e01-jan-2021$fGBP35.00$g0$hP$5Uk
=LAS  \\$aIPL-CLA$b00$c20230930$lBLL01$h0807

