=LDR  04845cas a2201069 i 4500
=001  013352128
=003  Uk
=005  20220930142705.0
=006  m\\\\\\\\d\\\\\\\\
=007  cr\mnu\\\\\\\\
=008  000707c19969999enktr\pss\\\\\0\\\a0eng\d
=FMT  \\$a  SE
=015  \\$aGBA602964$2bnb
=022  0\$a1469-5804$y1357-6283
=040  \\$aF#A$cF#A$dOCLCQ$dOCL$dOCLCS$dUk
=042  \\$aukblsr
=082  04$a613$222
=210  0\$aEduc. health$b(Lond., Online)
=222  \0$aEducation for health$b(London. Online)
=245  00$aEducation for health$h[electronic resource] :$bchange in training & practice.
=260  \\$a[Abingdon, Oxfordshire] :$bCarfax International Publishers
=264  31$aMumbai :$bMedknow Publications
=310  \\$aThree times a year
=336  \\$atext$2rdacontent
=337  \\$acomputer$2rdamedia
=338  \\$aonline resource$2rdacarrier
=362  1\$aPrint began with vol. 9, no. 1 (Mar. 1996).
=500  \\$aDescription based on: Vol. 13, no. 1 (Mar. 2000); title from journal information screen (viewed June 6, 2000).
=530  \\$aAlso issued in print.
=538  \\$aMode of access: World Wide Web.
=540  \\$aCurrent copyright fee: GBP16.67$c111\0$5Uk
=650  \0$aMedical care$vPeriodicals.
=650  \0$aMedical education$vPeriodicals.
=776  1\$tEducation for health$c(Print)$x1357-6283
=856  \\$31850-9999$uhttp://www.medknow.com/$xBLDSS
=856  40$uhttp://www.educationforhealth.net/
=945  \\$aEDUCATION FOR HEALTH -ABINGDON- CARFAX PUBLISHING LIMITED-.
=979  \\$aBritish Library$bDSC$j3661.283150
=985  \\$aISSN description based on: Volume 13, issue 1 (January-April 2000); pdf viewed November 19 2013.
=985  \\$aISSN responsibility taken from ISSN UK by ISSN India, November 19 2013.
=CAT  \\$a11187$b40$c20051203$lBLL01$h1406
=CAT  \\$aIPL-CLA$c20160930$lBLL01$h1606
=CAT  \\$a5552$b40$c20170201$lBLL01$h1532
=CAT  \\$a5552$b40$c20170202$lBLL01$h1136
=CAT  \\$aBATCH-UPD$b40$c20170216$lBLL01$h1749
=CAT  \\$aIPL-CLA$c20170331$lBLL01$h1847
=CAT  \\$aBATCH-UPD$b00$c20170904$lBLL01$h1749
=CAT  \\$aIPL-CLA$c20170929$lBLL01$h1731
=CAT  \\$aBATCH-UPD$b00$c20180223$lBLL01$h1556
=CAT  \\$aIPL-CLA$c20180331$lBLL01$h1623
=CAT  \\$aBATCH-UPD$b00$c20180823$lBLL01$h1910
=CAT  \\$aIPL-CLA$c20180930$lBLL01$h1503
=CAT  \\$aBATCH-UPD$b00$c20190829$lBLL01$h1450
=CAT  \\$aIPL-CLA$c20190930$lBLL01$h1639
=CAT  \\$aBATCH-UPD$b00$c20200219$lBLL01$h1438
=CAT  \\$aIPL-CLA$c20200331$lBLL01$h1615
=CAT  \\$aBATCH-UPD$b00$c20200522$lBLL01$h1428
=CAT  \\$aIPL-CLA$c20200701$lBLL01$h0057
=CAT  \\$aBATCH-UPD$b00$c20210226$lBLL01$h1011
=CAT  \\$aIPL-CLA$c20210331$lBLL01$h1700
=CAT  \\$aBATCH-UPD$b00$c20210707$lBLL01$h1535
=CAT  \\$aIPL-CLA$c20210707$lBLL01$h1843
=CAT  \\$aBATCH-UPD$b00$c20220520$lBLL01$h1607
=CAT  \\$aIPL-CLA$c20220630$lBLL01$h1537
=CAT  \\$aBATCH-UPD$b00$c20220824$lBLL01$h0838
=CAT  \\$aIPL-CLA$c20220930$lBLL01$h1427
=CFI  0\$aCurrent copyright fee: GBP16.67$c111\0$e01-oct-2022$fGBP16.67$g0$hP$5Uk
=CFI  2\$aPrevious copyright fee: GBP16.00$c111\0$e01-jul-2022$fGBP16.00$g0$hP$5Uk
=FFP  \\$aY$bBLDSS-3PM
=FIN  \\$aY$d20051203
=LEO  \\$aMP22.0000063457
=SID  \\$aZ39$bOCLC
=SRC  \\$aISN01$bbibmp22.200404.2.aa
=TCO  \\$aCLA$bCLA$c008
=TOC  \\$aETOC
=UNO  \\$aY
=ACF  \\$aPrevious copyright fee: GBP9.68$c111\0$e11-may-2015$fGBP9.68$g0$hP$5Uk
=ACF  \\$aPrevious copyright fee: GBP10.00$c111\0$e01-jul-2015$fGBP10.00$g0$hP$5Uk
=ACF  \\$aPrevious copyright fee: GBP9.68$c111\0$e01-oct-2015$fGBP9.68$g0$hP$5Uk
=ACF  \\$aPrevious copyright fee: GBP11.11$c111\0$e01-oct-2016$fGBP11.11$g0$hP$5Uk
=ACF  \\$aPrevious copyright fee: GBP10.34$c111\0$e01-apr-2016$fGBP10.34$g0$hP$5Uk
=ACF  \\$aPrevious copyright fee: GBP14.81$c111\0$e02-feb-2017$fGBP14.81$g0$hP$5Uk
=ACF  \\$aPrevious copyright fee: GBP16.00$c111\0$e01-apr-2017$fGBP16.00$g0$hP$5Uk
=ACF  \\$aPrevious copyright fee: GBP15.38$c111\0$e01-oct-2017$fGBP15.38$g0$hP$5Uk
=ACF  \\$aPrevious copyright fee: GBP14.29$c111\0$e01-apr-2018$fGBP14.29$g0$hP$5Uk
=ACF  \\$aPrevious copyright fee: GBP15.38$c111\0$e01-oct-2018$fGBP15.38$g0$hP$5Uk
=ACF  \\$aPrevious copyright fee: GBP16.00$c111\0$e01-oct-2019$fGBP16.00$g0$hP$5Uk
=ACF  \\$aPrevious copyright fee: GBP15.38$c111\0$e01-apr-2020$fGBP15.38$g0$hP$5Uk
=ACF  \\$aPrevious copyright fee: GBP16.00$c111\0$e01-jul-2020$fGBP16.00$g0$hP$5Uk
=ACF  \\$aPrevious copyright fee: GBP14.81$c111\0$e01-apr-2021$fGBP14.81$g0$hP$5Uk
=ACF  \\$aPrevious copyright fee: GBP14.29$c111\0$e07-jul-2021$fGBP14.29$g0$hP$5Uk
=LAS  \\$aIPL-CLA$b00$c20220930$lBLL01$h1427

