=LDR  03736cas a2200913 a 4500
=001  013353792
=003  Uk
=005  20230930080746.0
=006  m\\\\\\\\d\\\\\\\\
=007  cr\cnu\\\\\\\\
=008  040408d20022004paubr\pss\\\\\0\\\a0eng\c
=FMT  \\$a  SE
=010  \\$a2004214410
=022  0\$a1549-7844$y1548-7679
=040  \\$aNSD$cNSD$dOCLCQ$dUk
=042  \\$ansdp$aukblsr
=050  10$aISSN RECORD
=082  04$a616.0757$222
=130  0\$aCritical reviews in computed tomography (Online)
=222  \0$aCritical reviews in computed tomography$b(Online)
=245  10$aCritical reviews in computed tomography$h[electronic resource].
=260  \\$aPhiladelphia, PA :$bTaylor and Francis, Inc.
=310  \\$aBimonthly
=336  \\$atext$2rdacontent
=337  \\$acomputer$2rdamedia
=338  \\$aonline resource$2rdacarrier
=362  1\$aPrint began with vol. 43, issue 1 (2002).
=530  \\$aAlso issued in print.
=538  \\$aMode of access: World Wide Web.
=540  \\$aCurrent copyright fee: GBP46.00$c2\0$5Uk
=776  1\$tCritical reviews in computed tomography$x1548-7679
=780  00$tCritical reviews in diagnostic imaging (Online)
=785  04$tJournal of cardiovascular magnetic resonance (Online)$x1532-429X
=856  \\$31850-9999$uhttp://www.tandfonline.com/$xBLDSS
=856  40$uhttp://journalsonline.tandf.co.uk/link.asp?id=110769
=856  40$uhttp://www.informaworld.com/1549-7844
=945  \\$aCritical reviews in computed tomography.
=979  \\$aBritish Library$bDSC$j3487.473500
=CAT  \\$a3072$b40$c20051206$lBLL01$h1553
=CAT  \\$aBATCH-UPD$b40$c20060901$lBLL01$h1031
=CAT  \\$aBATCH-UPD$b40$c20061122$lBLL01$h1117
=CAT  \\$a9599$b40$c20061206$lBLL01$h1150
=CAT  \\$a10973$b40$c20061213$lBLL01$h0928
=CAT  \\$a6537$b40$c20080121$lBLL01$h1455
=CAT  \\$a5552$b40$c20150209$lBLL01$h1124
=CAT  \\$aIPL-CLA$c20150331$lBLL01$h1642
=CAT  \\$aBLDSS-3PM$b00$c20150522$lBLL01$h1543
=CAT  \\$aBATCH-UPD$b00$c20151119$lBLL01$h1559
=CAT  \\$aIPL-CLA$c20151231$lBLL01$h1923
=CAT  \\$aBATCH-UPD$b00$c20160413$lBLL01$h1820
=CAT  \\$aBATCH-UPD$b00$c20161122$lBLL01$h1538
=CAT  \\$aBATCH-UPD$b00$c20161122$lBLL01$h1813
=CAT  \\$aIPL-CLA$c20161230$lBLL01$h2149
=CAT  \\$a5552$b40$c20170127$lBLL01$h0857
=CAT  \\$aBATCH-UPD$b40$c20171121$lBLL01$h1718
=CAT  \\$aIPL-CLA$c20171231$lBLL01$h1649
=CAT  \\$aBATCH-UPD$b00$c20181217$lBLL01$h1705
=CAT  \\$aIPL-CLA$c20181231$lBLL01$h1543
=CAT  \\$aBATCH-UPD$b00$c20210126$lBLL01$h1323
=CAT  \\$aIPL-CLA$c20210126$lBLL01$h1447
=CAT  \\$aBATCH-UPD$b00$c20221121$lBLL01$h1423
=CAT  \\$aIPL-CLA$c20221231$lBLL01$h1446
=CAT  \\$aR2308-1440$c20230824$lBLL01$h0928
=CAT  \\$aIPL-CLA$c20230930$lBLL01$h0807
=CFI  0\$aCurrent copyright fee: GBP46.00$c2\0$e01-oct-2023$fGBP46.00$g0$hP$5Uk
=CFI  2\$aPrevious copyright fee: GBP46.00$c45\0$e01-jan-2023$fGBP46.00$g0$hP$5Uk
=FFP  \\$aY$bBLDSS-3PM
=FIN  \\$aY$d20051206
=MNI  \\$a1548-7679
=SID  \\$aZ39$bOCLC
=TCO  \\$aTRS$bCCC$c008
=TOC  \\$aETOC
=ACF  \\$aPrevious copyright fee: GBP33.00$c45\0$e01-apr-2015$fGBP33.00$g0$hP$5Uk
=ACF  \\$aPrevious copyright fee: GBP34.00$c45\0$e01-jan-2016$fGBP34.00$g0$hP$5Uk
=ACF  \\$aPrevious copyright fee: GBP36.00$c45\0$e01-jan-2017$fGBP36.00$g0$hP$5Uk
=ACF  \\$aPrevious copyright fee: GBP38.00$c45\0$e01-jan-2018$fGBP38.00$g0$hP$5Uk
=ACF  \\$aPrevious copyright fee: GBP40.00$c45\0$e01-jan-2019$fGBP40.00$g0$hP$5Uk
=ACF  \\$aPrevious copyright fee: GBP44.00$c45\0$e26-jan-2021$fGBP44.00$g0$hP$5Uk
=LAS  \\$aIPL-CLA$b00$c20230930$lBLL01$h0807

