=LDR  04127cas a2200949 a 4500
=001  013356976
=003  Uk
=005  20230930080757.0
=006  m\\\\\\\\d\\\\\\\\
=007  cr\mnu\\\\\\\\
=008  010811d20012005enkqr\pss\\\\\0\\\a0eng\d
=FMT  \\$a  SE
=022  0\$a1744-5000$202
=040  \\$aF#A$cF#A$dOCLCQ$dDLC$dOCLCQ$dOCL$dOCLCS$dUk
=042  \\$aukblsr$aissnuk
=046  \\$at$c2004$e9999
=082  04$a622.292$222
=130  0\$aInternational journal of surface mining, reclamation and environment (Online)
=210  0\$aInt. j. surf. min. reclam. environ.$b(Online)
=222  \0$aInternational journal of surface mining, reclamation and environment$b(Online)
=245  10$aInternational journal of surface mining, reclamation and environment$h[electronic resource] :$bIJSM.
=246  30$aIJSM
=260  \\$a[Lisse, the Netherlands] :$bSwets & Zeitlinger Pub.,$c[2004]-2005.
=260  3\$aAbingdon :$bTaylor & Francis.
=310  \\$aQuarterly
=336  \\$atext$2rdacontent
=337  \\$acomputer$2rdamedia
=338  \\$aonline resource$2rdacarrier
=362  1\$aPrint began with vol. 8, no. 1 (1994).
=362  0\$a- vol. 19, no. 4 (Dec. 2005)
=500  \\$aDescription based on: Vol. 15, no. 1 (2001); title from journal information screen (viewed Aug. 7, 2001).
=530  \\$aAlso issued in print.
=538  \\$aMode of access: World Wide Web.
=540  \\$aCurrent copyright fee: GBP43.00$c2\0$5Uk
=650  \0$aStrip mining$vPeriodicals.
=650  \0$aStrip mining$xEnvironmental aspects$vPeriodicals.
=776  1\$tInternational journal of surface mining, reclamation and environment$x1389-5265
=785  00$tInternational journal of mining, reclamation and environment$x1748-0949
=856  \\$31850-9999$uhttp://www.tandfonline.com/$xBLDSS
=856  4\$uhttp://www.tandf.co.uk/journals/titles/13895265.asp
=945  \\$aInternational journal of surface mining reclamation and environment.
=979  \\$aBritish Library$bDSC$j4542.684900
=CAT  \\$a3072$b40$c20051209$lBLL01$h1101
=CAT  \\$a3072$b40$c20051209$lBLL01$h1118
=CAT  \\$a11316$b40$c20060208$lBLL01$h1509
=CAT  \\$a3072$b40$c20060531$lBLL01$h1029
=CAT  \\$a8180$b40$c20060612$lBLL01$h1454
=CAT  \\$a5552$b40$c20160302$lBLL01$h1409
=CAT  \\$aIPL-CLA$c20160331$lBLL01$h1731
=CAT  \\$aBLDSS-3PM$b00$c20160404$lBLL01$h1601
=CAT  \\$aBATCH-UPD$b00$c20160413$lBLL01$h1820
=CAT  \\$aBATCH-UPD$b00$c20161122$lBLL01$h1505
=CAT  \\$aBATCH-UPD$b00$c20161122$lBLL01$h1537
=CAT  \\$aIPL-CLA$c20161230$lBLL01$h2149
=CAT  \\$a5552$b40$c20170503$lBLL01$h1141
=CAT  \\$aBATCH-UPD$b40$c20171121$lBLL01$h1655
=CAT  \\$aIPL-CLA$c20171231$lBLL01$h1649
=CAT  \\$aBATCH-UPD$b00$c20181217$lBLL01$h1644
=CAT  \\$aIPL-CLA$c20181231$lBLL01$h1543
=CAT  \\$aBATCH-UPD$b00$c20191122$lBLL01$h1906
=CAT  \\$aIPL-CLA$c20191231$lBLL01$h1937
=CAT  \\$aBATCH-UPD$b00$c20201118$lBLL01$h1340
=CAT  \\$aIPL-CLA$c20201231$lBLL01$h1529
=CAT  \\$aBATCH-UPD$b00$c20221121$lBLL01$h1339
=CAT  \\$aIPL-CLA$c20221231$lBLL01$h1446
=CAT  \\$a12654$b40$c20230913$lBLL01$h1536
=CAT  \\$aIPL-CLA$c20230930$lBLL01$h0807
=CFI  0\$aCurrent copyright fee: GBP43.00$c2\0$e01-oct-2023$fGBP43.00$g0$hP$5Uk
=CFI  2\$aPrevious copyright fee: GBP43.00$c1\0$e01-jan-2023$fGBP43.00$g0$hP$5Uk
=FFP  \\$aY$bBLDSS-3PM
=FIN  \\$aY$d20051209
=MNI  \\$a1389-5265
=SID  \\$aZ39$bOCLC
=TCO  \\$aCLA$bCLA$c008
=TOC  \\$aETOC
=ACF  \\$aPrevious copyright fee: GBP31.00$c2\0$e01-apr-2016$fGBP31.00$g0$hP$5Uk
=ACF  \\$aPrevious copyright fee: GBP33.00$c2\0$e01-jan-2017$fGBP33.00$g0$hP$5Uk
=ACF  \\$aPrevious copyright fee: GBP35.00$c2\0$e01-jan-2018$fGBP35.00$g0$hP$5Uk
=ACF  \\$aPrevious copyright fee: GBP37.00$c2\0$e01-jan-2019$fGBP37.00$g0$hP$5Uk
=ACF  \\$aPrevious copyright fee: GBP39.00$c2\0$e01-jan-2020$fGBP39.00$g0$hP$5Uk
=ACF  \\$aPrevious copyright fee: GBP41.00$c2\0$e01-jan-2021$fGBP41.00$g0$hP$5Uk
=LAS  \\$aIPL-CLA$b00$c20230930$lBLL01$h0807

