=LDR  06145cas a2201225 i 4500
=001  013361452
=003  Uk
=005  20220930142706.0
=006  m\\\\\\\\d\\\\\\\\
=007  cr|mnu||||||||
=008  981026d19812005enkqr\pss\\\\\0\\\a0eng\d
=FMT  \\$a  SE
=010  \\$a00238788
=015  \\$aGBA606990$2bnb
=022  \\$a1464-1321$y0272-4995$202
=040  \\$aEXW$cEXW$dOCL$dIUL$dOCLCQ$dEYM$dOCLCQ$dMUQ$dUk
=042  \\$aissnuk$aukblsr
=050  14$aQP351
=082  04$a150.724$222
=210  0\$aQ. j. exp. psychol., B$b(Online)
=222  \0$aQuarterly journal of experimental psychology. B$b(Online)
=245  04$aThe quarterly journal of experimental psychology.$nB$h[electronic resource].
=260  \\$a[Hove] :$bPsychology Press,$c-[2005]
=310  \\$aQuarterly
=336  \\$atext$2rdacontent
=337  \\$acomputer$2rdamedia
=338  \\$aonline resource$2rdacarrier
=362  1\$aPrint began with vol. 33B, pt. 1 (Feb. 1981).
=500  \\$aDescription based on: Vol. 39, no. 1 (Feb. 1996); title from title screen (viewed Sept. 15, 2000).
=530  \\$aAlso issued in print as: The quarterly journal of experimental psychology. B, Comparative and physiological psychology.
=538  \\$aMode of access: World Wide Web.
=580  \\$aMerged with: The quarterly journal of experimental psychology. A, to form: Quarterly journal of experiomental psychology (2006 : Online)
=540  \\$aCurrent copyright fee: GBP32.82$c19\0$5Uk
=650  \0$aPsychology, Experimental$vPeriodicals.
=650  \0$aPsychophysiology$vPeriodicals.
=650  \0$aPsychology, Comparative$vPeriodicals.
=776  1\$tQuarterly journal of experimental psychology. B, Comparative and physiological psychology$x0272-4995
=785  17$tQuarterly journal of experimental psychology. A$x1464-0740
=785  17$tQuarterly journal of experimental psychology (2006 : Online)$x1747-0226
=856  \\$31850-9999$uhttp://www.tandfonline.com/$xBLDSS
=856  40$uhttp://www.tandfonline.com/loi/pqjb20
=945  \\$aQUARTERLY JOURNAL OF EXPERIMENTAL PSYCHOLOGY SERIES B COMPARATIVE AND PHYSIOLOGICAL PSYCHOLOGY.
=979  \\$aBritish Library$bDSC$j7190.200000
=CAT  \\$a11281$b40$c20051214$lBLL01$h1441
=CAT  \\$a5552$b40$c20170215$lBLL01$h1425
=CAT  \\$aBATCH-UPD$b40$c20171121$lBLL01$h1647
=CAT  \\$aIPL-CLA$c20171231$lBLL01$h1650
=CAT  \\$a5552$b40$c20180213$lBLL01$h1108
=CAT  \\$aBATCH-UPD$b40$c20180214$lBLL01$h0104
=CAT  \\$aBATCH-UPD$b40$c20180223$lBLL01$h1650
=CAT  \\$aIPL-CLA$c20180331$lBLL01$h1623
=CAT  \\$aBATCH-UPD$b00$c20180823$lBLL01$h1934
=CAT  \\$aIPL-CLA$c20180930$lBLL01$h1503
=CAT  \\$aBATCH-UPD$b00$c20190521$lBLL01$h1407
=CAT  \\$aIPL-CLA$c20190630$lBLL01$h1535
=CAT  \\$aBATCH-UPD$b00$c20190829$lBLL01$h1515
=CAT  \\$aIPL-CLA$c20190930$lBLL01$h1639
=CAT  \\$aBATCH-UPD$b00$c20200219$lBLL01$h1508
=CAT  \\$aIPL-CLA$c20200331$lBLL01$h1615
=CAT  \\$aBATCH-UPD$b00$c20200522$lBLL01$h1446
=CAT  \\$aIPL-CLA$c20200701$lBLL01$h0057
=CAT  \\$aBATCH-UPD$b00$c20210226$lBLL01$h1027
=CAT  \\$aIPL-CLA$c20210331$lBLL01$h1700
=CAT  \\$aBATCH-UPD$b00$c20210707$lBLL01$h1551
=CAT  \\$aIPL-CLA$c20210707$lBLL01$h1843
=CAT  \\$aBATCH-UPD$b00$c20220520$lBLL01$h1638
=CAT  \\$aIPL-CLA$c20220630$lBLL01$h1537
=CAT  \\$aBATCH-UPD$b00$c20220824$lBLL01$h0905
=CAT  \\$aIPL-CLA$c20220930$lBLL01$h1427
=CFI  0\$aCurrent copyright fee: GBP32.82$c19\0$e01-oct-2022$fGBP32.82$g0$hP$5Uk
=CFI  2\$aPrevious copyright fee: GBP31.50$c19\0$e01-jul-2022$fGBP31.50$g0$hP$5Uk
=FFP  \\$aY$bBLDSS-3PM
=FIN  \\$aY$d20051214
=LEO  \\$aMP22.0000059248
=LKR  \\$aPAR$b008551635$lBLL01$r776$mQuarterly journal of experimental psychology. B (Online)$nQuarterly journal of experimental psychology. B, Comparative and physiological psychology (Print)
=MNI  \\$a0272-4995
=SID  \\$aZ39$bOCLC
=SRC  \\$aISN01$bbibmp22.200404.2.aa
=TCO  \\$aCLA$bCLA$c008
=TOC  \\$aETOC
=UNO  \\$aY
=ACF  \\$aPrevious copyright fee: GBP21.00$c2\0$e01-jan-2010$fGBP21.00$g0$hP$5Uk
=ACF  \\$aPrevious copyright fee: GBP20.00$c2\0$e01-jan-2009$fGBP20.00$g0$hP$5Uk
=ACF  \\$aPrevious copyright fee: GBP19.00$c2\0$e01-apr-2008$fGBP19.00$g0$hP$5Uk
=ACF  \\$aPrevious copyright fee: GBP20.00$c2\0$e01-jan-2007$fGBP20.00$g0$hP$5Uk
=ACF  \\$aPrevious copyright fee: GBP18.00$c2\0$e01-jan-2005$fGBP18.00$g0$hP$5Uk
=ACF  \\$aPrevious copyright fee: GBP25.00$c2\0$e01-jan-2011$fGBP25.00$g0$hP$5Uk
=ACF  \\$aPrevious copyright fee: GBP27.00$c2\0$e01-jan-2012$fGBP27.00$g0$hP$5Uk
=ACF  \\$aPrevious copyright fee: GBP27.50$c2\0$e01-jan-2013$fGBP27.50$g0$hP$5Uk
=ACF  \\$aPrevious copyright fee: GBP28.00$c2\0$e01-jan-2014$fGBP28.00$g0$hP$5Uk
=ACF  \\$aPrevious copyright fee: GBP34.00$c2\0$e01-jan-2016$fGBP34.00$g0$hP$5Uk
=ACF  \\$aPrevious copyright fee: GBP30.00$c2\0$e01-jan-2015$fGBP30.00$g0$hP$5Uk
=ACF  \\$aPrevious copyright fee: GBP26.00$c2\0$e11-mar-2016$fGBP26.00$g0$hP$5Uk
=ACF  \\$aPrevious copyright fee: GBP30.00$c2\0$e01-jan-2018$fGBP30.00$g0$hP$5Uk
=ACF  \\$aPrevious copyright fee: GBP28.00$c2\0$e01-jan-2017$fGBP28.00$g0$hP$5Uk
=ACF  \\$aPrevious copyright fee: GBP27.69$c19\0$e13-feb-2018$fGBP27.69$g0$hP$5Uk
=ACF  \\$aPrevious copyright fee: GBP25.71$c19\0$e01-apr-2018$fGBP25.71$g0$hP$5Uk
=ACF  \\$aPrevious copyright fee: GBP27.69$c19\0$e01-oct-2018$fGBP27.69$g0$hP$5Uk
=ACF  \\$aPrevious copyright fee: GBP29.08$c19\0$e01-jul-2019$fGBP29.08$g0$hP$5Uk
=ACF  \\$aPrevious copyright fee: GBP30.24$c19\0$e01-oct-2019$fGBP30.24$g0$hP$5Uk
=ACF  \\$aPrevious copyright fee: GBP30.29$c19\0$e01-apr-2020$fGBP30.29$g0$hP$5Uk
=ACF  \\$aPrevious copyright fee: GBP31.50$c19\0$e01-jul-2020$fGBP31.50$g0$hP$5Uk
=ACF  \\$aPrevious copyright fee: GBP29.17$c19\0$e01-apr-2021$fGBP29.17$g0$hP$5Uk
=ACF  \\$aPrevious copyright fee: GBP28.13$c19\0$e07-jul-2021$fGBP28.13$g0$hP$5Uk
=LAS  \\$aIPL-CLA$b00$c20220930$lBLL01$h1427

