=LDR  03796cas a2200925 a 4500
=001  013362368
=003  Uk
=005  20230930110705.0
=006  m\\\\\\\\d\\\\\\\\
=007  cr\cnu\\\\\\\\
=008  020416c20009999enkqr\pss\\\\\0\\\a0eng\d
=FMT  \\$a  SE
=015  \\$aGBA607123$2bnb
=022  \\$a1467-5838$202
=040  \\$aAAA$cAAA$dOCLCQ$dUk
=042  \\$aissnuk$aukblsr
=050  \4$aLB2805$b.E38
=082  04$a016.371200941$222
=130  0\$aEducational management abstracts (Online)
=222  \0$aEducational management abstracts$b(Online)
=245  10$aEducational management abstracts$h[electronic resource].
=260  \\$aAbingdon, Oxfordshire, England :$bCarfax,$c2000-
=260  3\$a[Abingdon] :$bTaylor & Francis.
=310  \\$aQuarterly
=336  \\$atext$2rdacontent
=337  \\$acomputer$2rdamedia
=338  \\$aonline resource$2rdacarrier
=362  0\$aVol. 19, no. 1 (Mar. 2000)-
=362  1\$aPrint began with vol. 19, no. 1 (2000).
=500  \\$aTitle from journal information screen.
=530  \\$aAlso issued in print.
=538  \\$aMode of access: World Wide Web.
=540  \\$aCurrent copyright fee: GBP37.00$c2\0$5Uk
=650  \0$aSchool management and organization$vAbstracts$vPeriodicals.
=773  0\$tEducational research abstracts online$x1467-5900
=776  1\$tEducational management abstracts$x1467-582X
=780  00$tSchool organisation & management abstracts$x0261-2755
=856  \\$31850-9999$uhttp://www.tandfonline.com/$xBLDSS
=856  4\$uhttp://www.ingentaselect.com/era
=945  \\$aEDUCATIONAL MANAGEMENT ABSTRACTS.
=979  \\$aBritish Library$bDSC$j3661.441900N
=CAT  \\$a11279$b40$c20051215$lBLL01$h1424
=CAT  \\$aBATCH-UPD$b00$c20081231$lBLL01$h2322
=CAT  \\$aBATCH-UPD$b00$c20090101$lBLL01$h0054
=CAT  \\$aBATCH$b00$c20090101$lBLL01$h0230
=CAT  \\$a5508$b40$c20090126$lBLL01$h0911
=CAT  \\$aWR14_140$c20140905$lBLL01$h1810
=CAT  \\$a5552$b40$c20160308$lBLL01$h1151
=CAT  \\$aBLDSS-3PM$b00$c20160317$lBLL01$h1142
=CAT  \\$aBATCH-UPD$b00$c20160413$lBLL01$h1820
=CAT  \\$aBATCH-UPD$b00$c20161122$lBLL01$h1443
=CAT  \\$aBATCH-UPD$b00$c20161122$lBLL01$h1448
=CAT  \\$aIPL-CLA$c20161230$lBLL01$h2150
=CAT  \\$a5552$b40$c20170201$lBLL01$h1540
=CAT  \\$a5410$b40$c20170317$lBLL01$h1543
=CAT  \\$aBATCH-UPD$b40$c20171121$lBLL01$h1623
=CAT  \\$aIPL-CLA$c20171231$lBLL01$h1650
=CAT  \\$aBATCH-UPD$b00$c20181217$lBLL01$h1629
=CAT  \\$aIPL-CLA$c20181231$lBLL01$h1543
=CAT  \\$aBATCH-UPD$b00$c20191122$lBLL01$h1842
=CAT  \\$aIPL-CLA$c20191231$lBLL01$h1937
=CAT  \\$aBATCH-UPD$b00$c20201118$lBLL01$h1324
=CAT  \\$aIPL-CLA$c20201231$lBLL01$h2207
=CAT  \\$aBATCH-UPD$b00$c20221121$lBLL01$h1319
=CAT  \\$aIPL-CLA$c20221231$lBLL01$h2117
=CAT  \\$aR2308-1440$c20230824$lBLL01$h0928
=CAT  \\$aIPL-CLA$c20230930$lBLL01$h1107
=CFI  0\$aCurrent copyright fee: GBP37.00$c2\0$e01-oct-2023$fGBP37.00$g0$hP$5Uk
=CFI  2\$aPrevious copyright fee: GBP37.00$c1\0$e01-jan-2023$fGBP37.00$g0$hP$5Uk
=FFP  \\$aY$bBLDSS-3PM
=FIN  \\$aY$d20051215
=SID  \\$aZ39$bOCLC
=TCO  \\$aCLA$bCLA$c008
=ACF  \\$aPrevious Copyright Fee: GBP26.00$c1\0$e08-mar-2016$fGBP26.00$g0$hP$5Uk
=ACF  \\$aPrevious copyright fee: GBP28.00$c1\0$e01-jan-2017$fGBP28.00$g0$hP$5Uk
=ACF  \\$aPrevious copyright fee: GBP30.00$c1\0$e01-jan-2018$fGBP30.00$g0$hP$5Uk
=ACF  \\$aPrevious copyright fee: GBP32.00$c1\0$e01-jan-2019$fGBP32.00$g0$hP$5Uk
=ACF  \\$aPrevious copyright fee: GBP34.00$c1\0$e01-jan-2020$fGBP34.00$g0$hP$5Uk
=ACF  \\$aPrevious copyright fee: GBP35.00$c1\0$e01-jan-2021$fGBP35.00$g0$hP$5Uk
=LAS  \\$aIPL-CLA$b00$c20230930$lBLL01$h1107

