=LDR  04284cas a2200973 a 4500
=001  013363506
=003  Uk
=005  20230930080842.0
=006  m\\\\\\\\d\\\\\\\\
=007  cr\an\\\\\\\\\
=008  020116c199u9999enkqr\pss\\\\\0\\\a0eng\d
=FMT  \\$a  SE
=015  \\$aGBA607316$2bnb
=022  0\$a1467-5889$202
=040  \\$aHNK$cHNK$dOCLCQ$dUk
=042  \\$aukblsr$aissnuk
=082  04$a371.9$222
=130  0\$aSpecial educational needs abstracts (Online)
=222  \0$aSpecial educational needs abstracts$b(Online)
=245  10$aSpecial educational needs abstracts$h[electronic resource].
=260  \\$aAbingdon, Oxfordshire, England :$bCarfax Pub. Co.
=260  3\$a[Abingdon] :$bTaylor & Francis.
=310  \\$aQuarterly
=336  \\$atext$2rdacontent
=337  \\$acomputer$2rdamedia
=338  \\$aonline resource$2rdacarrier
=362  1\$aCoverage as of Jan. 3, 2002: Vol. 10, iss. 3 (1998)-v. 12, iss. 4 (2000).
=500  \\$aDescription based on: Vol. 10, iss. 3 (1998); title from title information screen (viewed Jan. 3, 2002).
=530  \\$aAlso issued in print.
=538  \\$aMode of access: World Wide Web.
=540  \\$aCurrent copyright fee: GBP37.00$c2\0$5Uk
=650  \0$aSpecial education$vAbstracts$vPeriodicals.
=650  \0$aPeople with mental disabilities$xEducation$vAbstracts$vPeriodicals.
=773  0\$tEducational research abstracts online$x1467-5900
=776  1\$tSpecial educational needs abstracts$x0954-0822
=856  \\$31850-9999$uhttp://www.tandfonline.com/$xBLDSS
=856  4\$uhttp://www.ingentaselect.com/era
=945  \\$aSpecial educational needs abstracts.
=979  \\$aBritish Library$bDSC$j8366.318800N
=CAT  \\$a3072$b40$c20051216$lBLL01$h1607
=CAT  \\$aBATCH-UPD$b00$c20131119$lBLL01$h1858
=CAT  \\$aIPL-CLA$c20131231$lBLL01$h2358
=CAT  \\$aWR14_140$c20140905$lBLL01$h1810
=CAT  \\$aBATCH-UPD$b00$c20141124$lBLL01$h1742
=CAT  \\$aBLDSS-3PM$b00$c20141130$lBLL01$h1249
=CAT  \\$aIPL-CLA$c20141231$lBLL01$h1653
=CAT  \\$aBATCH-UPD$b00$c20151119$lBLL01$h1521
=CAT  \\$aIPL-CLA$c20151231$lBLL01$h1923
=CAT  \\$aBATCH-UPD$b00$c20160413$lBLL01$h1820
=CAT  \\$aBATCH-UPD$b00$c20160923$lBLL01$h2341
=CAT  \\$aBATCH-UPD$b00$c20161122$lBLL01$h1443
=CAT  \\$aIPL-CLA$c20161230$lBLL01$h2150
=CAT  \\$a5552$b40$c20170221$lBLL01$h1410
=CAT  \\$aBATCH-UPD$b40$c20171121$lBLL01$h1623
=CAT  \\$aIPL-CLA$c20171231$lBLL01$h1650
=CAT  \\$aBATCH-UPD$b00$c20181217$lBLL01$h1629
=CAT  \\$aIPL-CLA$c20181231$lBLL01$h1543
=CAT  \\$aBATCH-UPD$b00$c20191122$lBLL01$h1842
=CAT  \\$aIPL-CLA$c20191231$lBLL01$h1937
=CAT  \\$aBATCH-UPD$b00$c20201118$lBLL01$h1324
=CAT  \\$aIPL-CLA$c20201231$lBLL01$h1529
=CAT  \\$aBATCH-UPD$b00$c20221121$lBLL01$h1319
=CAT  \\$aIPL-CLA$c20221231$lBLL01$h1447
=CAT  \\$aR2308-1440$c20230824$lBLL01$h0928
=CAT  \\$aIPL-CLA$c20230930$lBLL01$h0808
=CFI  0\$aCurrent copyright fee: GBP37.00$c2\0$e01-oct-2023$fGBP37.00$g0$hP$5Uk
=CFI  2\$aPrevious copyright fee: GBP37.00$c1\0$e01-jan-2023$fGBP37.00$g0$hP$5Uk
=FFP  \\$aY$bBLDSS-3PM
=FIN  \\$aY$d20051216
=SID  \\$aZ39$bOCLC
=TCO  \\$aCLA$bCLA$c008
=TOC  \\$aETOC
=ACF  \\$aPrevious copyright fee: GBP21.00$c1\0$e31-MAR-2011$fGBP21.00$g0$hP$5Uk
=ACF  \\$aPrevious copyright fee: GBP23.00$c1\0$e01-jan-2012$fGBP23.00$g0$hP$5Uk
=ACF  \\$aPrevious copyright fee: GBP23.50$c1\0$e01-jan-2013$fGBP23.50$g0$hP$5Uk
=ACF  \\$aPrevious copyright fee: GBP24.00$c1\0$e01-jan-2014$fGBP24.00$g0$hP$5Uk
=ACF  \\$aPrevious copyright fee: GBP25.00$c1\0$e01-jan-2015$fGBP25.00$g0$hP$5Uk
=ACF  \\$aPrevious copyright fee: GBP26.00$c1\0$e01-jan-2016$fGBP26.00$g0$hP$5Uk
=ACF  \\$aPrevious copyright fee: GBP28.00$c1\0$e01-jan-2017$fGBP28.00$g0$hP$5Uk
=ACF  \\$aPrevious copyright fee: GBP30.00$c1\0$e01-jan-2018$fGBP30.00$g0$hP$5Uk
=ACF  \\$aPrevious copyright fee: GBP32.00$c1\0$e01-jan-2019$fGBP32.00$g0$hP$5Uk
=ACF  \\$aPrevious copyright fee: GBP34.00$c1\0$e01-jan-2020$fGBP34.00$g0$hP$5Uk
=ACF  \\$aPrevious copyright fee: GBP35.00$c1\0$e01-jan-2021$fGBP35.00$g0$hP$5Uk
=LAS  \\$aIPL-CLA$b00$c20230930$lBLL01$h0808

