=LDR  03696cas a2200889 a 4500
=001  013363832
=003  Uk
=005  20221231211717.0
=006  m\\\\\\\\d\\\\\\\\
=007  cr\unu\\\\\\\\
=008  040428c19799999enkqr\pss\\\\\0\\\a0eng\c
=FMT  \\$a  SE
=010  \\$a2004699108
=015  \\$aGBA607401$2bnb
=022  0\$a1477-2892$202
=040  \\$aCUS$cCUS$dOCLCQ$dOCL$dUk
=042  \\$aissnuk
=050  \4$aQC793$b.S88
=082  04$a539.72105$222
=130  0\$aSurveys in high energy physics (Online)
=210  0\$aSurv. high energy phys.$b(Online)
=222  \0$aSurveys in high energy physics$b(Online)
=245  10$aSurveys in high energy physics$h[electronic resource].
=260  \\$aChur [Switzerland] ;$aNew York :$bHarwood Academic Publishers,$c[2002]-
=260  3\$aAbingdon :$bTaylor & Francis.
=310  \\$aQuarterly
=336  \\$atext$2rdacontent
=337  \\$acomputer$2rdamedia
=338  \\$aonline resource$2rdacarrier
=362  1\$aPrint began with v. 1, no. 1 (Oct. 1979).
=500  \\$aPublished in the United Kingdom by Taylor & Francis, <2003->
=500  \\$aDescription based on print version record.
=530  \\$aAlso issued in print.
=538  \\$aMode of access: World Wide Web.
=540  \\$aCurrent copyright fee: GBP37.00$c2\0$5Uk
=650  \0$aParticles (Nuclear physics)$vPeriodicals.
=776  1\$tSurveys in high energy physics$x0142-2413
=856  \\$31850-9999$uhttp://www.tandfonline.com/$xBLDSS
=856  4\$uhttp://journalsonline.tandf.co.uk/app/home/journal.asp?wasp=eafyyvvrwn2wqul3hjf3&referrer=parent&backto=searchpublicationsresults,1,1;homemain,1,1;
=CAT  \\$a7332$b40$c20051219$lBLL01$h1124
=CAT  \\$aBATCH-UPD$b40$c20061229$lBLL01$h2109
=CAT  \\$aBATCH$b00$c20061229$lBLL01$h2156
=CAT  \\$aBATCH-UPD$b00$c20080221$lBLL01$h1443
=CAT  \\$aBATCH-UPD$b00$c20080330$lBLL01$h0811
=CAT  \\$aBATCH-UPD$b00$c20080330$lBLL01$h1605
=CAT  \\$aBATCH$b00$c20080330$lBLL01$h2306
=CAT  \\$a5552$b40$c20081117$lBLL01$h0918
=CAT  \\$a5552$b40$c20090112$lBLL01$h1324
=CAT  \\$a5508$b40$c20090126$lBLL01$h0914
=CAT  \\$aWR14_140$c20140905$lBLL01$h1810
=CAT  \\$a12654$b40$c20160811$lBLL01$h1450
=CAT  \\$aBLDSS-3PM$b00$c20160817$lBLL01$h1401
=CAT  \\$aBATCH-UPD$b00$c20160817$lBLL01$h1402
=CAT  \\$aBATCH-UPD$b00$c20161122$lBLL01$h1512
=CAT  \\$aIPL-CLA$c20161230$lBLL01$h2150
=CAT  \\$aBATCH-UPD$b00$c20171121$lBLL01$h1647
=CAT  \\$aIPL-CLA$c20171231$lBLL01$h1650
=CAT  \\$aBATCH-UPD$b00$c20181217$lBLL01$h1638
=CAT  \\$aIPL-CLA$c20181231$lBLL01$h1543
=CAT  \\$aBATCH-UPD$b00$c20191122$lBLL01$h1900
=CAT  \\$aIPL-CLA$c20191231$lBLL01$h1937
=CAT  \\$aBATCH-UPD$b00$c20201118$lBLL01$h1334
=CAT  \\$aIPL-CLA$c20201231$lBLL01$h2207
=CAT  \\$aBATCH-UPD$b00$c20221121$lBLL01$h1347
=CAT  \\$aIPL-CLA$c20221231$lBLL01$h2117
=CFI  0\$aCurrent copyright fee: GBP37.00$c2\0$e01-jan-2023$fGBP37.00$g0$hP$5Uk
=CFI  2\$aPrevious copyright fee: GBP35.00$c2\0$e01-jan-2021$fGBP35.00$g0$hP$5Uk
=FFP  \\$aY$bBLDSS-3PM
=FIN  \\$aY$d20051219
=SID  \\$aZ39$bOCLC
=TCO  \\$aCLA$bCLA$c008
=ACF  \\$aPrevious copyright fee: GBP26.00$c2\0$e11-aug-2016$fGBP26.00$g0$hP$5Uk
=ACF  \\$aPrevious copyright fee: GBP28.00$c2\0$e01-jan-2017$fGBP28.00$g0$hP$5Uk
=ACF  \\$aPrevious copyright fee: GBP30.00$c2\0$e01-jan-2018$fGBP30.00$g0$hP$5Uk
=ACF  \\$aPrevious copyright fee: GBP32.00$c2\0$e01-jan-2019$fGBP32.00$g0$hP$5Uk
=ACF  \\$aPrevious copyright fee: GBP34.00$c2\0$e01-jan-2020$fGBP34.00$g0$hP$5Uk
=LAS  \\$aIPL-CLA$b00$c20221231$lBLL01$h2117

