=LDR  03435cas a2200841 a 4500
=001  013364778
=003  Uk
=005  20230930080848.0
=006  m\\\\\\\\d\|\\\\\\
=007  cr||||||||||||
=008  040525c199u9999enkqr\d\sa\\\\0\\\a0eng\\
=FMT  \\$a  SE
=015  \\$aGBA607710$2bnb
=022  \\$a1467-5897$202
=040  \\$aUk$beng$cUk
=042  \\$aissnuk
=082  04$a607$222
=222  \0$aTechnical education & training abstracts$b(Online)
=245  00$aTechnical education & training abstracts$h[electronic resource].
=246  3\$aTechnical education and training abstracts
=260  \\$a[Abingdon] :$bTaylor & Francis.
=310  \\$aQuarterly
=336  \\$atext$2rdacontent
=337  \\$acomputer$2rdamedia
=338  \\$aonline resource$2rdacarrier
=540  \\$aCurrent copyright fee: GBP37.00$c2\0$5Uk
=650  \0$aTechnical education$vAbstracts$vPeriodicals.
=650  \0$aVocational education$vAbstracts$vPeriodicals.
=773  0\$tEducational research abstracts online$x1467-5900
=776  0\$tTechnical education & training abstracts$x0966-162X
=856  \\$31850-9999$uhttp://www.tandfonline.com/$xBLDSS
=856  4\$uhttp://www.ingentaselect.com/era
=945  \\$aTECHNICAL EDUCATION AND TRAINING ABSTRACTS.
=979  \\$aBritish Library$bDSC$j8656.922000N
=CAT  \\$a7332$b40$c20051220$lBLL01$h1125
=CAT  \\$aBATCH$b00$c20090101$lBLL01$h0230
=CAT  \\$a10997$b40$c20090126$lBLL01$h0849
=CAT  \\$a10997$b40$c20090126$lBLL01$h0853
=CAT  \\$aWR14_140$c20140905$lBLL01$h1810
=CAT  \\$a5552$b40$c20160308$lBLL01$h1151
=CAT  \\$aBLDSS-3PM$b00$c20160317$lBLL01$h1142
=CAT  \\$aBATCH-UPD$b00$c20160413$lBLL01$h1820
=CAT  \\$aBATCH-UPD$b00$c20160923$lBLL01$h2344
=CAT  \\$aBATCH-UPD$b00$c20161122$lBLL01$h1443
=CAT  \\$aIPL-CLA$c20161230$lBLL01$h2150
=CAT  \\$a5552$b40$c20170221$lBLL01$h0911
=CAT  \\$aBATCH-UPD$b40$c20171121$lBLL01$h1623
=CAT  \\$aIPL-CLA$c20171231$lBLL01$h1650
=CAT  \\$aBATCH-UPD$b00$c20181217$lBLL01$h1629
=CAT  \\$aIPL-CLA$c20181231$lBLL01$h1543
=CAT  \\$aBATCH-UPD$b00$c20191122$lBLL01$h1842
=CAT  \\$aIPL-CLA$c20191231$lBLL01$h1937
=CAT  \\$aBATCH-UPD$b00$c20201118$lBLL01$h1324
=CAT  \\$aIPL-CLA$c20201231$lBLL01$h1529
=CAT  \\$aBATCH-UPD$b00$c20221121$lBLL01$h1319
=CAT  \\$aIPL-CLA$c20221231$lBLL01$h1447
=CAT  \\$aR2308-1440$c20230824$lBLL01$h0928
=CAT  \\$a10973$b40$c20230904$lBLL01$h0938
=CAT  \\$a10973$b40$c20230904$lBLL01$h0940
=CAT  \\$aIPL-CLA$c20230930$lBLL01$h0808
=CFI  0\$aCurrent copyright fee: GBP37.00$c2\0$e01-oct-2023$fGBP37.00$g0$hP$5Uk
=CFI  2\$aPrevious copyright fee: GBP37.00$c1\0$e01-jan-2023$fGBP37.00$g0$hP$5Uk
=FFP  \\$aY$bBLDSS-3PM
=FIN  \\$aY$d20050305
=TCO  \\$aCLA$bCLA$c008
=TOC  \\$aETOC
=ACF  \\$aPrevious Copyright Fee: GBP26.00$c1\0$e08-mar-2016$fGBP26.00$g0$hP$5Uk
=ACF  \\$aPrevious copyright fee: GBP28.00$c1\0$e01-jan-2017$fGBP28.00$g0$hP$5Uk
=ACF  \\$aPrevious copyright fee: GBP30.00$c1\0$e01-jan-2018$fGBP30.00$g0$hP$5Uk
=ACF  \\$aPrevious copyright fee: GBP32.00$c1\0$e01-jan-2019$fGBP32.00$g0$hP$5Uk
=ACF  \\$aPrevious copyright fee: GBP34.00$c1\0$e01-jan-2020$fGBP34.00$g0$hP$5Uk
=ACF  \\$aPrevious copyright fee: GBP35.00$c1\0$e01-jan-2021$fGBP35.00$g0$hP$5Uk
=LAS  \\$aIPL-CLA$b00$c20230930$lBLL01$h0808

