=LDR  04006cas a2201021 i 4500
=001  013364796
=003  Uk
=005  20221231144715.0
=006  m\\\\\\\\d\\\\\\\\
=007  cr\cn\\\\\\\\\
=008  960328d19912004enkqr\pss\\\\\0\\\a0eng\d
=FMT  \\$a  SE
=010  \\$asn 96036201
=015  \\$aGBA607715$2bnb
=022  0\$a1361-6676$y0959-7174$202
=040  \\$aIXA$cIXA$dTJC$dEYM$dOCL$dOCLCQ$dIUL$dMUQ$dUk
=042  \\$aissnuk
=050  14$aQC669$b.W383
=082  04$a531.1133$222
=130  0\$aWaves in random media (Online)
=210  0\$aWaves random media$b(Online)
=222  \0$aWaves in random media$b(Online)
=245  10$aWaves in random media$h[electronic resource].
=260  \\$a[London?] :$bIOP Pub.,$c1991-
=310  \\$aQuarterly
=336  \\$atext$2rdacontent
=337  \\$acomputer$2rdamedia
=338  \\$aonline resource$2rdacarrier
=362  0\$aVol. 1, no. 1 (Jan. 1991)-
=500  \\$aTitle from title screen.
=500  \\$aLatest issue consulted: Vol. 14, no. 4 (Oct. 2004).
=530  \\$aAlso issued in print.
=538  \\$aMode of access: World Wide Web.
=550  \\$aPublished by: the Institute of Physics.
=540  \\$aCurrent copyright fee: GBP43.00$c2\0$5Uk
=650  \0$aElectromagnetic waves$vPeriodicals.
=650  \0$aElectromagnetic waves$xScattering$vPeriodicals.
=650  \6$aOndes de plasma$vPériodiques.
=650  \6$aOndes électromagnétiques$xDiffusion$vPériodiques.
=710  2\$aInstitute of Physics (Great Britain)
=776  1\$tWaves in random media$x0959-7174
=785  00$tWaves in random and complex media (Online)$x1745-5049
=856  \\$31850-9999$uhttp://www.tandfonline.com/$xBLDSS
=856  40$uhttp://www.tandfonline.com/loi/twrm20
=945  \\$aWaves in random media.
=979  \\$aBritish Library$bDSC$j9280.775800
=CAT  \\$a11281$b40$c20051220$lBLL01$h1134
=CAT  \\$a11281$b40$c20051220$lBLL01$h1138
=CAT  \\$a8180$b40$c20060127$lBLL01$h1013
=CAT  \\$a3072$b40$c20060127$lBLL01$h1143
=CAT  \\$a8180$b40$c20060127$lBLL01$h1253
=CAT  \\$a11316$b40$c20060215$lBLL01$h1148
=CAT  \\$aglobal_upd$b40$c20060417$lBLL01$h1909
=CAT  \\$a5552$b40$c20160301$lBLL01$h0904
=CAT  \\$aIPL-CLA$c20160331$lBLL01$h1732
=CAT  \\$aBLDSS-3PM$b00$c20160404$lBLL01$h1601
=CAT  \\$aBATCH-UPD$b00$c20160413$lBLL01$h1820
=CAT  \\$aBATCH-UPD$b00$c20161122$lBLL01$h1505
=CAT  \\$aBATCH-UPD$b00$c20161122$lBLL01$h1538
=CAT  \\$a10806$b40$c20161128$lBLL01$h1008
=CAT  \\$aIPL-CLA$c20161230$lBLL01$h2150
=CAT  \\$a5552$b40$c20170209$lBLL01$h1547
=CAT  \\$aBATCH-UPD$b40$c20171121$lBLL01$h1655
=CAT  \\$aIPL-CLA$c20171231$lBLL01$h1650
=CAT  \\$aBATCH-UPD$b00$c20181217$lBLL01$h1644
=CAT  \\$aIPL-CLA$c20181231$lBLL01$h1543
=CAT  \\$aBATCH-UPD$b00$c20191122$lBLL01$h1906
=CAT  \\$aIPL-CLA$c20191231$lBLL01$h1937
=CAT  \\$aBATCH-UPD$b00$c20201118$lBLL01$h1341
=CAT  \\$aIPL-CLA$c20201231$lBLL01$h1529
=CAT  \\$aBATCH-UPD$b00$c20221121$lBLL01$h1339
=CAT  \\$aIPL-CLA$c20221231$lBLL01$h1447
=CFI  0\$aCurrent copyright fee: GBP43.00$c2\0$e01-jan-2023$fGBP43.00$g0$hP$5Uk
=CFI  2\$aPrevious copyright fee: GBP41.00$c2\0$e01-jan-2021$fGBP41.00$g0$hP$5Uk
=FFP  \\$aY$bBLDSS-3PM
=FIN  \\$aY$d20051220
=LEO  \\$aMP22.0000049106
=MNI  \\$a0959-7174
=SID  \\$aZ39$bOCLC
=SRC  \\$aISN01$bbibmp22.200404.2.aa
=TCO  \\$aCLA$bCLA$c008
=TOC  \\$aETOC
=ACF  \\$aPrevious copyright fee: GBP31.00$c2\0$e01-apr-2016$fGBP31.00$g0$hP$5Uk
=ACF  \\$aPrevious copyright fee: GBP33.00$c2\0$e01-jan-2017$fGBP33.00$g0$hP$5Uk
=ACF  \\$aPrevious copyright fee: GBP35.00$c2\0$e01-jan-2018$fGBP35.00$g0$hP$5Uk
=ACF  \\$aPrevious copyright fee: GBP37.00$c2\0$e01-jan-2019$fGBP37.00$g0$hP$5Uk
=ACF  \\$aPrevious copyright fee: GBP39.00$c2\0$e01-jan-2020$fGBP39.00$g0$hP$5Uk
=LAS  \\$aIPL-CLA$b00$c20221231$lBLL01$h1447

