=LDR  03670cas a22008537a 4500
=001  013379876
=003  Uk
=005  20220930155736.0
=006  m\\\\\\\\d\|\\\\\\
=007  cr||||||||||||
=008  060117c19999999enk\x\p\s\\\\\0\\\a0eng\\
=FMT  \\$a  SE
=022  0\$a1750-2802$202
=040  \\$aUk$beng$cUk
=042  \\$aissnuk
=210  0\$aJ. psychopharmacol., Suppl.$b(Online)
=222  \0$aJournal of psychopharmacology. Supplement$b(Online)
=245  00$aJournal of psychopharmacology.$pSupplement.
=246  03$aSupplement to Journal of psychopharmacology (Online)
=260  \\$aLondon :$bSage
=310  \\$aIrregular
=336  \\$atext$2rdacontent
=337  \\$acomputer$2rdamedia
=338  \\$aonline resource$2rdacarrier
=540  \\$aCurrent copyright fee: GBP36.32$c19\0$5Uk
=776  0\$tJournal of psychopharmacology. Supplement$x1359-7868
=856  \\$31850-9999$uhttp://www.uk.sagepub.com/home.nav$xBLDSS
=856  40$uhttp://jop.sagepub.com/
=945  \\$aJournal of psychopharmacology supplement.
=979  \\$aBritish Library$bDSC$j5043.453000
=CAT  \\$a6537$b40$c20060117$lBLL01$h1112
=CAT  \\$aBLDSS-3PM$b00$c20170411$lBLL01$h1608
=CAT  \\$aBATCH-UPD$b00$c20170411$lBLL01$h1609
=CAT  \\$aBATCH-UPD$b00$c20170904$lBLL01$h1833
=CAT  \\$aIPL-CLA$c20170929$lBLL01$h1732
=CAT  \\$aBATCH-UPD$b00$c20180223$lBLL01$h1650
=CAT  \\$aIPL-CLA$c20180331$lBLL01$h1623
=CAT  \\$aBATCH-UPD$b00$c20180823$lBLL01$h1934
=CAT  \\$a5552$b40$c20180911$lBLL01$h0815
=CAT  \\$aIPL-CLA$c20180930$lBLL01$h1503
=CAT  \\$aBATCH-UPD$b00$c20190521$lBLL01$h1411
=CAT  \\$aIPL-CLA$c20190630$lBLL01$h1535
=CAT  \\$aBATCH-UPD$b00$c20190829$lBLL01$h1528
=CAT  \\$aIPL-CLA$c20190930$lBLL01$h1639
=CAT  \\$aBATCH-UPD$b00$c20200219$lBLL01$h1515
=CAT  \\$aIPL-CLA$c20200331$lBLL01$h1615
=CAT  \\$aBATCH-UPD$b00$c20200522$lBLL01$h1458
=CAT  \\$aIPL-CLA$c20200701$lBLL01$h0057
=CAT  \\$aBATCH-UPD$b00$c20210226$lBLL01$h1038
=CAT  \\$aIPL-CLA$c20210331$lBLL01$h1844
=CAT  \\$aBATCH-UPD$b00$c20210707$lBLL01$h1602
=CAT  \\$aIPL-CLA$c20210707$lBLL01$h1956
=CAT  \\$aBATCH-UPD$b00$c20220520$lBLL01$h1634
=CAT  \\$aIPL-CLA$c20220630$lBLL01$h1709
=CAT  \\$aBATCH-UPD$b00$c20220824$lBLL01$h0900
=CAT  \\$aIPL-CLA$c20220930$lBLL01$h1557
=CFI  0\$aCurrent copyright fee: GBP36.32$c19\0$e01-oct-2022$fGBP36.32$g0$hP$5Uk
=CFI  2\$aPrevious copyright fee: GBP34.86$c19\0$e01-jul-2022$fGBP34.86$g0$hP$5Uk
=FFP  \\$aY$bBLDSS-3PM
=FIN  \\$aY$d20060117
=TCO  \\$aCLA$bCLA$c008
=UNO  \\$aY
=ACF  \\$aPrevious copyright fee: GBP28.80$c19\0$e07-apr-2017$fGBP28.80$g0$hP$5Uk
=ACF  \\$aPrevious copyright fee: GBP25.71$c19\0$e01-apr-2018$fGBP25.71$g0$hP$5Uk
=ACF  \\$aPrevious copyright fee: GBP27.69$c19\0$e01-oct-2017$fGBP27.69$g0$hP$5Uk
=ACF  \\$aPrevious copyright fee: GBP28.57$c19\0$e11-sep-2018$fGBP28.57$g0$hP$5Uk
=ACF  \\$aPrevious copyright fee: GBP30.77$c19\0$e01-oct-2018$fGBP30.77$g0$hP$5Uk
=ACF  \\$aPrevious copyright fee: GBP32.31$c19\0$e01-jul-2019$fGBP32.31$g0$hP$5Uk
=ACF  \\$aPrevious copyright fee: GBP33.60$c19\0$e01-oct-2019$fGBP33.60$g0$hP$5Uk
=ACF  \\$aPrevious copyright fee: GBP33.52$c19\0$e01-apr-2020$fGBP33.52$g0$hP$5Uk
=ACF  \\$aPrevious copyright fee: GBP34.86$c19\0$e01-jul-2020$fGBP34.86$g0$hP$5Uk
=ACF  \\$aPrevious copyright fee: GBP32.28$c19\0$e01-apr-2021$fGBP32.28$g0$hP$5Uk
=ACF  \\$aPrevious copyright fee: GBP31.13$c19\0$e07-jul-2021$fGBP31.13$g0$hP$5Uk
=LAS  \\$aIPL-CLA$b00$c20220930$lBLL01$h1557

