=LDR  04259cas a2200949 i 4500
=001  013388330
=003  Uk
=005  20230930080852.0
=006  m\\\\\\\\d\|\\\\\\
=007  cr||||||||||||
=008  060126d19202008enkfr\p\o\\\\\0\\\a0eng\\
=FMT  \\$a  SE
=022  0\$a1750-3523$202
=040  \\$aUk$beng$cUk$dUk$erda
=042  \\$aissnuk$aukblsr
=082  04$a609$223
=210  0\$aTrans. Newcomen Soc.$b(Online)
=222  \0$aTransactions of the Newcomen Society$b(Online)
=245  00$aTransactions of the Newcomen Society.
=264  \1$aLeeds :$bManey Publishing on behalf of the Newcomen Society,$c[1920]-2008.
=310  \\$aSemiannual
=336  \\$atext$2rdacontent
=337  \\$acomputer$2rdamedia
=338  \\$aonline resource$2rdacarrier
=362  0\$a-volume 78, number 2 (July 2008).
=588  \\$aDescription based on: Volume 76, number 1 (April 2006); title from table of contents (IngentaConnect, viewed January 3, 2013).
=588  \\$aLatest issue consulted: Volume 78, number 2 (July 2008) (viewed January 3, 2013).
=540  \\$aCurrent copyright fee: GBP43.00$c2\0$5Uk
=650  \0$aEngineering$xHistory$vPeriodicals.
=650  \0$aTechnology$xHistory$vPeriodicals.
=650  \0$aIndustrial arts$xHistory$vPeriodicals.
=650  \0$aEngineering$vBibliography$vPeriodicals.
=710  2\$aNewcomen Society (Great Britain),$eissuing body.
=776  08$iAlso issued in print as:$tTransactions$x0372-0187
=785  00$tInternational journal for the history of engineering & technology$x1758-1214
=856  \\$31850-9999$uhttp://maneypublishing.com/$xBLDSS
=856  40$uhttp://www.ingentaconnect.com/content/maney/tns
=945  \\$aTransactions- Newcomen Society.
=979  \\$aBritish Library$bDSC$j8989.000000
=985  \\$aRDA RECORD TO BE CHECKED.
=985  \\$aejournals project 2012
=CAT  \\$a11316$b40$c20060126$lBLL01$h1349
=CAT  \\$aBATCH$b00$c20100401$lBLL01$h0559
=CAT  \\$aBATCH$b00$c20100401$lBLL01$h1632
=CAT  \\$a5552$b40$c20120402$lBLL01$h1454
=CAT  \\$aIPL-CLA$c20120629$lBLL01$h1035
=CAT  \\$a11316$b40$c20130103$lBLL01$h1520
=CAT  \\$a11316$b40$c20130104$lBLL01$h0826
=CAT  \\$aBLDSS-3PM$b00$c20141208$lBLL01$h1625
=CAT  \\$a8874$b40$c20141209$lBLL01$h0818
=CAT  \\$aBATCH-UPD$b40$c20151115$lBLL01$h1218
=CAT  \\$aBATCH-UPD$b40$c20151119$lBLL01$h1601
=CAT  \\$aIPL-CLA$c20151231$lBLL01$h1923
=CAT  \\$aBATCH-UPD$b00$c20160413$lBLL01$h1820
=CAT  \\$aBATCH-UPD$b00$c20161122$lBLL01$h1544
=CAT  \\$aBATCH-UPD$b00$c20161122$lBLL01$h1821
=CAT  \\$aIPL-CLA$c20161230$lBLL01$h2152
=CAT  \\$a5552$b40$c20170213$lBLL01$h1057
=CAT  \\$a5552$b40$c20190115$lBLL01$h0830
=CAT  \\$aBATCH-UPD$b40$c20191122$lBLL01$h1917
=CAT  \\$aIPL-CLA$c20191231$lBLL01$h1938
=CAT  \\$aBATCH-UPD$b00$c20201118$lBLL01$h1351
=CAT  \\$aIPL-CLA$c20201231$lBLL01$h1529
=CAT  \\$aBATCH-UPD$b00$c20221121$lBLL01$h1426
=CAT  \\$aIPL-CLA$c20221231$lBLL01$h1447
=CAT  \\$aR2308-1440$c20230824$lBLL01$h0928
=CAT  \\$aIPL-CLA$c20230930$lBLL01$h0808
=CFI  0\$aCurrent copyright fee: GBP43.00$c2\0$e01-oct-2023$fGBP43.00$g0$hP$5Uk
=CFI  2\$aPrevious copyright fee: GBP43.00$c47\0$e01-jan-2023$fGBP43.00$g0$hP$5Uk
=FFP  \\$aY$bBLDSS-3PM
=LKR  \\$aPAR$b011141041$lBLL01$nTransactions / Newcomen Society for the Study of the History of Engineering and Technology (Print)$mTransactions of the Newcomen Society (Online)$r776
=MNI  \\$a0372-0187
=TCO  \\$aCLA$bCLA$c008
=TOC  \\$aETOC
=ACF  \\$aPrevious Copyright Fee: GBP18.00$c47\0$e01-apr-2010$fGBP18.00$g0$hP$5Uk
=ACF  \\$aPrevious copyright fee: GBP30.00$c47\0$e01-jul-2012$fGBP30.00$g0$hP$5Uk
=ACF  \\$aPrevious copyright fee: GBP36.00$c47\0$e01-jan-2017$fGBP36.00$g0$hP$5Uk
=ACF  \\$aPrevious copyright fee: GBP34.00$c47\0$e01-jan-2016$fGBP34.00$g0$hP$5Uk
=ACF  \\$aPrevious copyright fee: GBP37.00$c47\0$e15-jan-2019$fGBP37.00$g0$hP$5Uk
=ACF  \\$aPrevious copyright fee: GBP39.00$c47\0$e01-jan-2020$fGBP39.00$g0$hP$5Uk
=ACF  \\$aPrevious copyright fee: GBP41.00$c47\0$e01-jan-2021$fGBP41.00$g0$hP$5Uk
=LAS  \\$aIPL-CLA$b00$c20230930$lBLL01$h0808

