=LDR  03074 as a22008177a 4500
=001  013519308
=003  Uk
=005  20170530111601.0
=006  m\\\\\\\\d\|\\\\\\
=007  cr||||||||||||
=008  060727c20069999enkbr\p\s\\\\\0\\\a0eng\\
=FMT  \\$a  SE
=022  0\$a1752-0541$202
=040  \\$aUk$beng$cUk
=042  \\$aissnuk
=222  \0$aInfoChem$b(Online)
=245  00$aInfoChem.
=246  3\$aInfo chem
=260  \\$aLondon :$bRoyal Society of Chemistry.
=310  \\$aBimonthly
=336  \\$atext$2rdacontent
=337  \\$acomputer$2rdamedia
=338  \\$aonline resource$2rdacarrier
=540  \\$aCurrent copyright fee: GBP46.75$c6\1$5Uk
=710  2\$aRoyal Society of Chemistry (Great Britain)
=776  0\$tInfoChem$x1752-0533
=772  0\$tEducation in chemistry$x1749-5326
=785  00$tMole$c(Online)$x2049-2642
=856  \\$31850-9999$uhttp://www.rsc.org/$xBLDSS
=856  4\$uhttp://www.rsc.org/Education/EiC/index.asp
=945  \\$aInfoChem.
=979  \\$aBritish Library$bDSC$j4478.878200
=CAT  \\$a11313$b40$c20060727$lBLL01$h1205
=CAT  \\$a11315$b40$c20070215$lBLL01$h0940
=CAT  \\$a5552$b40$c20100114$lBLL01$h1311
=CAT  \\$aBATCH-UPD$b40$c20100331$lBLL01$h2340
=CAT  \\$aBATCH-UPD$b40$c20100401$lBLL01$h0257
=CAT  \\$aBATCH$b00$c20100401$lBLL01$h0600
=CAT  \\$aBATCH$b00$c20100401$lBLL01$h1633
=CAT  \\$a5552$b40$c20110412$lBLL01$h1605
=CAT  \\$aIPL-CLA$c20110630$lBLL01$h1546
=CAT  \\$aBATCH-UPD$b00$c20111123$lBLL01$h1855
=CAT  \\$aIPL-CLA$c20111230$lBLL01$h2025
=CAT  \\$a5997$b40$c20120405$lBLL01$h1506
=CAT  \\$aBATCH-UPD$b40$c20121105$lBLL01$h1131
=CAT  \\$aBATCH-CLA$b00$c20121109$lBLL01$h1726
=CAT  \\$aBATCH-UPD$b00$c20121121$lBLL01$h1701
=CAT  \\$aIPL-CLA$c20121231$lBLL01$h1320
=CAT  \\$aIPL-CLA$c20130102$lBLL01$h1747
=CAT  \\$aBLDSS-3PM$b00$c20150111$lBLL01$h1522
=CAT  \\$a5552$b40$c20150702$lBLL01$h0909
=CAT  \\$aBATCH-UPD$b40$c20160413$lBLL01$h1820
=CAT  \\$aBATCH-UPD$b40$c20161122$lBLL01$h1547
=CAT  \\$aBATCH-UPD$b40$c20161122$lBLL01$h1827
=CAT  \\$aIPL-CLA$c20161230$lBLL01$h2200
=CAT  \\$a5552$b40$c20170516$lBLL01$h1200
=CAT  \\$a5410$b40$c20170530$lBLL01$h1116
=CFI  0\$aCurrent copyright fee: GBP46.75$c6\1$e01-jan-2017$fGBP46.75$g0$hP$5Uk
=CFI  2\$aPrevious copyright fee: GBP41.80$c6\1$e02-jul-2015$fGBP41.80$g0$hP$5Uk
=FFP  \\$aY$bBLDSS-3PM
=FIN  \\$aY$d20070215
=MNI  \\$a1752-0533
=TCO  \\$aCLA$bCLA$c008
=TOC  \\$aETOC
=UNO  \\$aY
=ACF  \\$aPrevious copyright fee: GBP31.50$c6\1$e01-apr-2010$fGBP31.50$g0$hP$5Uk
=ACF  \\$aPrevious copyright fee: GBP28.35$c6\1$e13-jan-2010$fGBP28.35$g0$hP$5Uk
=ACF  \\$aPrevious copyright fee: GBP33.60$c6\1$e01-jul-2011$fGBP33.60$g0$hP$5Uk
=ACF  \\$aPrevious copyright fee: GBP37.80$c6\1$e01-jan-2013$fGBP37.80$g0$hP$5Uk
=ACF  \\$aPrevious copyright fee: GBP35.70$c6\1$e01-jan-2012$fGBP35.70$g0$hP$5Uk
=LAS  \\$a5410$b40$c20170530$lBLL01$h1116

