=LDR  02742cas a22007577a 4500
=001  013520503
=003  Uk
=005  20221231144746.0
=006  m\\\\\\\\d\|\\\\\\
=007  cr||||||||||||
=008  060731d19952018enkmr\p\s\\\\\0\\\a0eng\\
=FMT  \\$a  SE
=022  0\$a1752-069X$202
=040  \\$aUk$beng$cUk$dUk
=042  \\$aissnuk
=210  0\$aStudent BMJ$b(Online)
=222  \0$aStudent BMJ$b(Online)
=245  00$aStudent BMJ$h[electronic resource].
=246  3\$aStudent British medical journal
=260  \\$aLondon :$bBMJ Publishing Group
=310  \\$aMonthly
=336  \\$atext$2rdacontent
=337  \\$acomputer$2rdamedia
=338  \\$aonline resource$2rdacarrier
=500  \\$aPrint began in 1992.
=540  \\$aCurrent copyright fee: GBP46.00$c118\0$5Uk
=776  0\$tStudent BMJ$x0966-6494
=787  0\$tBMJ (Online)$x1756-1833
=856  \\$31850-9999$uhttp://www.bmj.com/archive$xBLDSS
=856  40$uhttp://www.studentbmj.com
=945  \\$aSTUDENT BMJ.
=979  \\$aBritish Library$bDSC$j8479.729500
=985  \\$aFrom 2019, published in print only as 'BMJ student'.
=CAT  \\$a6537$b40$c20060731$lBLL01$h0812
=CAT  \\$a8874$b40$c20070808$lBLL01$h1431
=CAT  \\$a11316$b40$c20150316$lBLL01$h1421
=CAT  \\$a11316$b40$c20150316$lBLL01$h1500
=CAT  \\$a5552$b40$c20151203$lBLL01$h0858
=CAT  \\$aIPL-CLA$c20151231$lBLL01$h1924
=CAT  \\$aBLDSS-3PM$b00$c20160108$lBLL01$h1819
=CAT  \\$aBATCH-UPD$b00$c20160413$lBLL01$h1820
=CAT  \\$a5552$b40$c20170221$lBLL01$h1322
=CAT  \\$aBATCH-UPD$b40$c20171121$lBLL01$h1629
=CAT  \\$aIPL-CLA$c20171231$lBLL01$h1656
=CAT  \\$aBATCH-UPD$b00$c20190708$lBLL01$h1413
=CAT  \\$aIPL-CLA$c20190708$lBLL01$h1438
=CAT  \\$aBATCH-UPD$b00$c20191122$lBLL01$h1850
=CAT  \\$aR1912-1484$c20191223$lBLL01$h0827
=CAT  \\$aIPL-CLA$c20191231$lBLL01$h1940
=CAT  \\$a11315$b40$c20200103$lBLL01$h1047
=CAT  \\$a8055$b40$c20211110$lBLL01$h1421
=CAT  \\$aBATCH-UPD$b40$c20211119$lBLL01$h1515
=CAT  \\$aIPL-CLA$c20211231$lBLL01$h1543
=CAT  \\$aBATCH-UPD$b00$c20221121$lBLL01$h1324
=CAT  \\$aIPL-CLA$c20221231$lBLL01$h1447
=CFI  0\$aCurrent copyright fee: GBP46.00$c118\0$e01-jan-2023$fGBP46.00$g0$hP$5Uk
=CFI  2\$aPrevious copyright fee: GBP41.00$c118\0$e01-jan-2022$fGBP41.00$g0$hP$5Uk
=FFP  \\$aY$bBLDSS-3PM
=FIN  \\$aY$d20060731
=MNI  \\$a0966-6494
=TCO  \\$aCLA$bCLA$c008
=TOC  \\$aETOC
=UNO  \\$aY
=ACF  \\$aPrevious Copyright Fee: GBP28.00$c118\0$e01-jan-2016$fGBP28.00$g0$hP$5Uk
=ACF  \\$aPrevious copyright fee: GBP38.50$c118\0$e01-jan-2020$fGBP38.50$g0$hP$5Uk
=LAS  \\$aIPL-CLA$b00$c20221231$lBLL01$h1447

