=LDR  02339 as a22006497a 4500
=001  013558228
=003  Uk
=005  20200331161657.0
=006  m\\\\\\\\d\|\\\\\\
=007  cr||||||||||||
=008  060920c20069999enktr\p\s\\\\\0\\\a0eng\\
=FMT  \\$a  SE
=022  0\$a1752-5209$202
=040  \\$aUk$beng$cUk
=042  \\$aissnuk
=082  04$a330.05
=222  \0$aOxonomics$b(Online)
=245  00$aOxonomics.
=260  \\$a[Oxford] :$bBlackwell
=310  \\$aThree issues yearly
=336  \\$atext$2rdacontent
=337  \\$acomputer$2rdamedia
=338  \\$aonline resource$2rdacarrier
=540  \\$aCurrent copyright fee: GBP32.00$c35\0$5Uk
=776  0\$tOxonomics$x1752-5195
=710  2\$aUniversity of Oxford.$bDepartment of Economics.
=856  \\$31850-9999$uhttp://onlinelibrary.wiley.com/$xBLDSS
=856  40$uhttp://www.blackwell-synergy.com/loi/oes
=945  \\$aOxonomics.
=979  \\$aBritish Library$bDSC$j6321.045500N
=985  \\$aRecord amended for WR# 13/070
=CAT  \\$a11313$b40$c20060920$lBLL01$h0733
=CAT  \\$a6537$b40$c20061101$lBLL01$h1003
=CAT  \\$a11313$b40$c20061106$lBLL01$h1011
=CAT  \\$a8323$b40$c20070201$lBLL01$h1541
=CAT  \\$a5552$b40$c20110209$lBLL01$h1212
=CAT  \\$aWR13_070$b00$c20130504$lBLL01$h0247
=CAT  \\$aBLDSS-3PM$b00$c20141214$lBLL01$h1523
=CAT  \\$aBATCH-UPD$b00$c20150215$lBLL01$h1658
=CAT  \\$aIPL-CLA$c20150228$lBLL01$h2050
=CAT  \\$aBATCH-UPD$b00$c20160413$lBLL01$h1821
=CAT  \\$a5552$b40$c20170320$lBLL01$h1424
=CAT  \\$a5410$b40$c20170404$lBLL01$h0925
=CAT  \\$aBATCH-UPD$b40$c20180219$lBLL01$h1749
=CAT  \\$aBATCH-UPD$b40$c20181121$lBLL01$h1623
=CAT  \\$aIPL-CLA$c20181231$lBLL01$h1544
=CAT  \\$aBATCH-UPD$b00$c20200219$lBLL01$h1541
=CAT  \\$aIPL-CLA$c20200331$lBLL01$h1616
=CFI  0\$aCurrent copyright fee: GBP32.00$c35\0$e01-apr-2020$fGBP32.00$g0$hP$5Uk
=CFI  2\$aPrevious copyright fee: GBP28.00$c35\0$e01-jan-2019$fGBP28.00$g0$hP$5Uk
=FFP  \\$aY$bBLDSS-3PM
=FIN  \\$aY$d20070201
=TCO  \\$aCLA$bCLA$c008
=UNO  \\$aY
=ACF  \\$aPrevious copyright fee: GBP22.00$c35\0$e09-feb-2011$fGBP22.00$g0$hP$5Uk
=ACF  \\$aPrevious copyright fee: GBP24.00$c35\0$e01-mar-2015$fGBP24.00$g0$hP$5Uk
=LAS  \\$aIPL-CLA$b00$c20200331$lBLL01$h1616

