=LDR  03238cas a22007937a 4500
=001  013569774
=003  Uk
=005  20230930080904.0
=006  m\\\\\\\\d\|\\\\\\
=007  cr||||||||||||
=008  061005c20079999enkar\p\s\\\\\0\\\a0eng\\
=FMT  \\$a  SE
=022  0\$a1752-7384$202
=040  \\$aUk$beng$cUk
=042  \\$aissnuk
=222  \0$aHispanic research journal. Visual arts$b(Online)
=245  00$aHispanic research journal.$pVisual arts$h[electronic resource].
=246  30$aVisual arts
=260  \\$aLeeds :$bManey
=310  \\$aAnnual
=336  \\$atext$2rdacontent
=337  \\$acomputer$2rdamedia
=338  \\$aonline resource$2rdacarrier
=540  \\$aCurrent copyright fee: GBP37.00$c2\0$5Uk
=772  0\$tHispanic research journal$c(Online)$x1745-820X
=776  0\$tHispanic research journal. Visual arts$c(Print)$x1752-7376
=856  \\$31850-9999$uhttp://maneypublishing.com/$xBLDSS
=856  40$uhttp://www.maney.co.uk/search?fwaction=show&fwid=166
=945  \\$aHispanic research journal visual arts.
=979  \\$aBritish Library$bDSC$j4315.779000N
=CAT  \\$a11316$b40$c20061005$lBLL01$h1404
=CAT  \\$a6537$b40$c20080725$lBLL01$h0958
=CAT  \\$a5552$b40$c20111214$lBLL01$h1328
=CAT  \\$aIPL-CLA$c20111230$lBLL01$h2025
=CAT  \\$a5552$b40$c20120402$lBLL01$h1141
=CAT  \\$aIPL-CLA$c20120629$lBLL01$h1036
=CAT  \\$aBLDSS-3PM$b00$c20141208$lBLL01$h1625
=CAT  \\$aBATCH-UPD$b00$c20151119$lBLL01$h1603
=CAT  \\$aIPL-CLA$c20151231$lBLL01$h1924
=CAT  \\$aBATCH-UPD$b00$c20160413$lBLL01$h1821
=CAT  \\$aBATCH-UPD$b00$c20161122$lBLL01$h1542
=CAT  \\$aBATCH-UPD$b00$c20161122$lBLL01$h1818
=CAT  \\$aIPL-CLA$c20161230$lBLL01$h2204
=CAT  \\$a5552$b40$c20170518$lBLL01$h1436
=CAT  \\$a5410$b40$c20170524$lBLL01$h1204
=CAT  \\$a5552$b40$c20190114$lBLL01$h0929
=CAT  \\$aBATCH-UPD$b40$c20191122$lBLL01$h1921
=CAT  \\$aIPL-CLA$c20191231$lBLL01$h1942
=CAT  \\$aBATCH-UPD$b00$c20201118$lBLL01$h1354
=CAT  \\$aIPL-CLA$c20201231$lBLL01$h1530
=CAT  \\$aBATCH-UPD$b00$c20221121$lBLL01$h1429
=CAT  \\$aIPL-CLA$c20221231$lBLL01$h1447
=CAT  \\$aR2308-1440$c20230824$lBLL01$h0928
=CAT  \\$aIPL-CLA$c20230930$lBLL01$h0809
=CFI  0\$aCurrent copyright fee: GBP37.00$c2\0$e01-oct-2023$fGBP37.00$g0$hP$5Uk
=CFI  2\$aPrevious copyright fee: GBP37.00$c47\0$e01-jan-2023$fGBP37.00$g0$hP$5Uk
=FFP  \\$aY$bBLDSS-3PM
=FIN  \\$aY$d20080725
=MNI  \\$a1752-7376
=TCO  \\$aCLA$bCLA$c008
=TOC  \\$aETOC
=ACF  \\$aPrevious Copyright Fee: GBP18.00$c47\0$e01-jan-2012$fGBP18.00$g0$hP$5Uk
=ACF  \\$aPrevious copyright fee: GBP25.00$c47\0$e01-jul-2012$fGBP25.00$g0$hP$5Uk
=ACF  \\$aPrevious copyright fee: GBP28.00$c47\0$e01-jan-2017$fGBP28.00$g0$hP$5Uk
=ACF  \\$aPrevious copyright fee: GBP26.00$c47\0$e01-jan-2016$fGBP26.00$g0$hP$5Uk
=ACF  \\$aPrevious copyright fee: GBP32.00$c47\0$e14-jan-2019$fGBP32.00$g0$hP$5Uk
=ACF  \\$aPrevious copyright fee: GBP34.00$c47\0$e01-jan-2020$fGBP34.00$g0$hP$5Uk
=ACF  \\$aPrevious copyright fee: GBP35.00$c47\0$e01-jan-2021$fGBP35.00$g0$hP$5Uk
=LAS  \\$aIPL-CLA$b00$c20230930$lBLL01$h0809

