=LDR  01993cas a22005177a 4500
=001  013580303
=003  Uk
=005  20230925144442.0
=006  m\\\\\\\\d\|\\\\\\
=007  cr||||||||||||
=008  061019c20079999si\qr\p\s\\\\\0\\\a0eng\\
=FMT  \\$a  SE
=022  \\$a1752-8917
=040  \\$aUk$beng$cUk
=210  0\$aJ. uncertain syst.$b(Online)
=222  \0$aJournal of uncertain systems$b(Online)
=245  00$aJournal of uncertain systems$h[electronic resource].
=260  \\$aLiverpool :$bWorld Academic Union
=264  31$32021-$a[Singapore?] :$bWorld Scientific
=310  \\$aQuarterly
=336  \\$atext$2rdacontent
=337  \\$acomputer$2rdamedia
=338  \\$aonline resource$2rdacarrier
=540  \\$aCurrent Copyright Fee: GBP35.00$c28\0$5Uk
=588  \\$aLatest issue consulted: volume 16, issue 3 (September 2023) (World Scientific website, viewed September 11, 2023).
=776  0\$tJournal of uncertain systems$x1752-8909
=856  \\$31850-9999$uhttp://www.worldscientific.com/$xBLDSS
=856  40$uhttp://www.worldacademicunion.com/journal/jus/online.htm
=856  40$uhttps://www.worldscientific.com/worldscinet/jus
=979  \\$aBritish Library$bDSC$j5071.506415
=985  \\$aISSN responsibility transferred to ISSN Singapore (11/09/23)
=CAT  \\$a6537$b40$c20061019$lBLL01$h1108
=CAT  \\$aISSN$b40$c20100820$lBLL01$h1437
=CAT  \\$aISSN$b40$c20100820$lBLL01$h1438
=CAT  \\$a10806$b40$c20230911$lBLL01$h0922
=CAT  \\$a12654$b40$c20230920$lBLL01$h0858
=CAT  \\$a12654$b40$c20230920$lBLL01$h0859
=CAT  \\$a12654$b40$c20230920$lBLL01$h0901
=CAT  \\$aBLDSS-3PM$b00$c20230925$lBLL01$h1444
=CAT  \\$aBATCH-UPD$b00$c20230925$lBLL01$h1445
=CFI  0\$aCurrent Copyright Fee: GBP35.00$c28\0$e20-sep-2023$fGBP35.00$g0$hP$5Uk
=FFP  \\$aY$bBLDSS-3PM
=FIN  \\$aY$d20100820
=LET  \0$aJournal of uncertain systems (Online)
=TCO  \\$aCLA$bCLA$c008
=LAS  \\$aBATCH-UPD$b00$c20230925$lBLL01$h1445

