=LDR  02214 as a22005897a 4500
=001  011452154
=003  Uk
=005  20180608102333.0
=007  cr\|||||||||||
=008  961010d19752006enker2p\o\\\\\0\\\a0eng\\
=FMT  \\$a  SE
=022  0\$a1361-6447$202
=040  \\$aUk$cUk$dUk
=042  \\$aissnuk
=210  0\$aJ. phys., A, Math. gen.$b(Online)
=222  \0$aJournal of physics. A, Mathematical and general$b(Online)
=245  00$aJournal of physics.$nA,$pMathematical and general$h[electronic resource].
=260  \\$a[Bristol] :$bIOP Publishing
=336  \\$atext$2rdacontent
=337  \\$acomputer$2rdamedia
=338  \\$aonline resource$2rdacarrier
=540  \\$aCurrent Copyright Fee: GBP30.00$c77\0$5Uk
=710  2\$aInstitute of Physics (Great Britain)
=776  0\$tJournal of physics. A, Mathematical and general$x0305-4470
=780  01$tJournal of physics. A, Mathematical nuclear and general$x2051-2163
=785  00$tJournal of physics. A, Mathematical and theoretical$c(Online)$x1751-8121
=856  \\$31850-9999$uhttp://www.iop.org/$xBLDSS
=856  40$uhttp://iopscience.iop.org/journal/0305-4470
=CAT  \\$aCONV$b00$c20040425$lBLL90$h0849
=CAT  \\$aCONV$b00$c20040502$lBLL01$h1434
=CAT  \\$aUE-01$b00$c20051205$lBLL01$h1223
=CAT  \\$aglobal_upd$b40$c20060417$lBLL01$h1816
=CAT  \\$a8201$b40$c20060508$lBLL01$h1107
=CAT  \\$a11187$b40$c20070115$lBLL01$h1228
=CAT  \\$aBATCH$b00$c20091210$lBLL01$h0501
=CAT  \\$aBATCH$b00$c20091214$lBLL01$h0704
=CAT  \\$a8874$b40$c20110118$lBLL01$h0843
=CAT  \\$a11316$b40$c20150109$lBLL01$h1435
=CAT  \\$a5552$b40$c20180601$lBLL01$h0829
=CAT  \\$a5552$b40$c20180601$lBLL01$h1350
=CAT  \\$a10973$b40$c20180608$lBLL01$h1023
=CAT  \\$aIPL-CLA$c20180630$lBLL01$h1912
=CAT  \\$aBLDSS-3PM$b00$c20180723$lBLL01$h1540
=CAT  \\$aBATCH-UPD$b00$c20180723$lBLL01$h1548
=CFI  0\$aCurrent Copyright Fee: GBP30.00$c77\0$e01-jul-2018$fGBP30.00$g0$hP$5Uk
=FFP  \\$aY$bBLDSS-3PM
=FIN  \\$aY
=LEO  \\$aMP22.0000049083
=SRC  \\$aISN01$bbibmp22.200404.2.aa
=TCO  \\$aCLA$bCLA$c008
=UNO  \\$aY
=LAS  \\$aBATCH-UPD$b00$c20180723$lBLL01$h1548

