=LDR  02036 as a22005657a 4500
=001  011452171
=003  Uk
=005  20180608102430.0
=007  cr||||
=008  961010d19961998enkb|2p\o\\\\\0\\\a0eng\\
=FMT  \\$a  SE
=022  0\$a1361-6617$202
=040  \\$aUk$cUk$dUk
=042  \\$aissnuk
=210  0\$aPure applied opt.$b(Online)
=222  \0$aPure and applied optics$b(Online)
=245  00$aPure and applied optics.
=260  \\$a[Bristol] :$bIOP Publishing
=336  \\$atext$2rdacontent
=337  \\$acomputer$2rdamedia
=338  \\$aonline resource$2rdacarrier
=580  \\$aMerged with: Journal of optics, to become: Journal of optics. A, Pure and applied optics.
=540  \\$aCurrent Copyright Fee: GBP30.00$c77\0$5Uk
=710  2\$aInstitute of Physics (Great Britain)
=776  08$iAlso issued in print as:$tPure and applied optics$x0963-9659
=785  17$tJournal of optics$x2056-7162
=785  17$tJournal of optics. A, Pure and applied optics$x1741-3567
=856  \\$31850-9999$uhttp://www.iop.org/$xBLDSS
=856  40$uhttp://iopscience.iop.org/journal/0963-9659
=CAT  \\$aCONV$b00$c20040425$lBLL90$h0849
=CAT  \\$aCONV$b00$c20040502$lBLL01$h1434
=CAT  \\$aUE-01$b00$c20051205$lBLL01$h1224
=CAT  \\$aglobal_upd$b40$c20060417$lBLL01$h1817
=CAT  \\$aBATCH$b00$c20091210$lBLL01$h0501
=CAT  \\$aBATCH$b00$c20091214$lBLL01$h0704
=CAT  \\$a11316$b40$c20140916$lBLL01$h1433
=CAT  \\$a5552$b40$c20180601$lBLL01$h0917
=CAT  \\$a5552$b40$c20180601$lBLL01$h1410
=CAT  \\$a10973$b40$c20180608$lBLL01$h1024
=CAT  \\$aIPL-CLA$c20180630$lBLL01$h1912
=CAT  \\$aBLDSS-3PM$b00$c20180723$lBLL01$h1540
=CAT  \\$aBATCH-UPD$b00$c20180723$lBLL01$h1548
=CFI  0\$aCurrent Copyright Fee: GBP30.00$c77\0$e01-jul-2018$fGBP30.00$g0$hP$5Uk
=FFP  \\$aY$bBLDSS-3PM
=FIN  \\$aY
=LEO  \\$aMP22.0000049100
=SRC  \\$aISN01$bbibmp22.200404.2.aa
=TCO  \\$aCLA$bCLA$c008
=UNO  \\$aY
=LAS  \\$aBATCH-UPD$b00$c20180723$lBLL01$h1548

