=LDR  02271 as a22006257a 4500
=001  011452172
=003  Uk
=005  20180608102534.0
=007  cr||||||||||||
=008  961010d19961998enkbr2p|o|\\\||\\\a0eng\\
=FMT  \\$a  SE
=022  0\$a1361-6625$202
=040  \\$aUk$cUk$dUk
=042  \\$aissnuk
=210  0\$aQuantum semiclassical opt.$b(Online)
=222  \0$aQuantum and semiclassical optics$b(Online)
=245  00$aQuantum and semiclassical optics.
=260  \\$a[Bristol] :$bIOP Publishing
=336  \\$atext$2rdacontent
=337  \\$acomputer$2rdamedia
=338  \\$aonline resource$2rdacarrier
=540  \\$aCurrent Copyright Fee: GBP30.00$c77\0$5Uk
=710  2\$aInstitute of Physics (Great Britain)
=776  0\$tQuantum and semiclassical optics (Print)$x1355-5111
=780  00$tQuantum optics$x1747-3861
=785  00$tJournal of optics. B, Quantum and semiclassical optics$x1741-3575
=856  \\$31850-9999$uhttp://ioppublishing.org/$xBLDSS
=856  40$uhttp://iopscience.iop.org/journal/1355-5111
=945  \\$aQuantum and semiclassical optics.
=979  \\$aBritish Library$bDSC$j7168.455000
=CAT  \\$aCONV$b00$c20040425$lBLL90$h0849
=CAT  \\$aCONV$b00$c20040502$lBLL01$h1434
=CAT  \\$aUE-01$b00$c20051205$lBLL01$h1224
=CAT  \\$aglobal_upd$b40$c20060417$lBLL01$h1817
=CAT  \\$aBATCH$b00$c20091210$lBLL01$h0501
=CAT  \\$aBATCH$b00$c20091214$lBLL01$h0704
=CAT  \\$a5552$b40$c20141029$lBLL01$h0822
=CAT  \\$a11316$b40$c20141106$lBLL01$h1507
=CAT  \\$aBLDSS-3PM$b00$c20141121$lBLL01$h1820
=CAT  \\$aBATCH-UPD$b00$c20160413$lBLL01$h1813
=CAT  \\$a5552$b40$c20170224$lBLL01$h1310
=CAT  \\$a5552$b40$c20180601$lBLL01$h0925
=CAT  \\$a5552$b40$c20180601$lBLL01$h1410
=CAT  \\$a10973$b40$c20180608$lBLL01$h1025
=CAT  \\$aIPL-CLA$c20180630$lBLL01$h1912
=CFI  0\$aCurrent Copyright Fee: GBP30.00$c77\0$e01-jul-2018$fGBP30.00$g0$hP$5Uk
=CFI  2\$aPrevious copyright fee: GBP20.00$c77\0$e29-oct-2014$fGBP20.00$g0$hP$5Uk
=FFP  \\$aY$bBLDSS-3PM
=FIN  \\$aY
=LEO  \\$aMP22.0000049101
=SRC  \\$aISN01$bbibmp22.200404.2.aa
=TCO  \\$aCLA$bCLA$c008
=TOC  \\$aETOC
=UNO  \\$aY
=LAS  \\$aIPL-CLA$b00$c20180630$lBLL01$h1912

