=LDR  02870 as a22007697a 4500
=001  011453219
=003  Uk
=005  20161216143318.0
=006  m\\\\\\\\d\|\\\\\\
=007  cr||||||||||||
=008  971201d19972000enkmr2p\o\\\\\0\\\a0eng\\
=FMT  \\$a  SE
=019  c\$a2598854
=022  0\$a1364-5137$202
=040  \\$aUk$beng$cUk
=042  \\$aissnuk
=082  04$a025.04$223
=210  0\$aElectron. resour. rev.
=222  \0$aElectronic resources review
=245  00$aElectronic resources review$h[electronic resource].
=246  03$aAnbar Electronic Intelligence electronic resources review
=260  \\$a[Bradford] :$bAnbar Electronic Intelligence
=260  3\$aBingley :$bEmerald
=310  \\$aMonthly
=336  \\$atext$2rdacontent
=337  \\$acomputer$2rdamedia
=338  \\$aonline resource$2rdacarrier
=595  \\$aSEE SERIAL RECORDS EJ.
=540  \\$aCurrent copyright fee: GBP30.00$c25\0$5Uk
=650  \0$aElectronic information resources$vPeriodicals.
=785  04$tReference reviews (Online)$x1758-7697
=856  \\$31850-9999$uhttp://www.emeraldinsight.com/$xBLDSS
=856  40$uhttp://www.emeraldinsight.com/journals.htm?issn=1364-5137
=945  \\$aELECTRONIC RESOURCES REVIEW.
=979  \\$aBritish Library$bDSC$j3702.767000N
=985  \\$aCorrected by BSS-generated file for WR# 10/166
=CAT  \\$aCONV$b00$c20040425$lBLL90$h0849
=CAT  \\$aCONV$b00$c20040502$lBLL01$h1434
=CAT  \\$aglobal_upd$b40$c20060417$lBLL01$h1817
=CAT  \\$aBATCH$b00$c20091210$lBLL01$h0501
=CAT  \\$aBATCH$b00$c20091214$lBLL01$h0704
=CAT  \\$a11316$b40$c20121001$lBLL01$h1512
=CAT  \\$a11315$b40$c20121116$lBLL01$h1202
=CAT  \\$aWR13.050$c20130324$lBLL01$h1446
=CAT  \\$aWR13.005$c20130329$lBLL01$h1218
=CAT  \\$aBATCH-UPD$b00$c20130904$lBLL01$h1925
=CAT  \\$aIPL-CLA$c20130930$lBLL01$h1735
=CAT  \\$a11316$b40$c20131211$lBLL01$h0928
=CAT  \\$aBLDSS-3PM$b00$c20141121$lBLL01$h1852
=CAT  \\$aBATCH-UPD$b00$c20151109$lBLL01$h1746
=CAT  \\$aIPL-CLA$c20151109$lBLL01$h1813
=CAT  \\$aBATCH-UPD$b00$c20160413$lBLL01$h1813
=CAT  \\$a5410$b40$c20161216$lBLL01$h1433
=CFI  0\$aCurrent copyright fee: GBP30.00$c25\0$e09-nov-2015$fGBP30.00$g0$hP$5Uk
=CFI  2\$aPrevious copyright fee: GBP20.00$c25\0$e01-oct-2013$fGBP20.00$g0$hP$5Uk
=FFP  \\$aY$bBLDSS-3PM
=FIN  \\$aY
=LEO  \\$aMP10.0000206031
=LEO  \\$aMP22.0000051340
=LET  \0$aElectronic resources review (Electronic)
=SRC  \\$aDSS01$bbibmp10.200404.2.aa
=SRC  \\$aISN01$bbibmp22.200404.2.aa
=TCO  \\$aCLA$bCLA$c008
=UNO  \\$aY
=ACF  \\$aPrevious copyright fee: GBP13.00$c25\0$e01-jan-2004$fGBP13.00$g0$hP$5Uk
=ACF  \\$aPrevious copyright fee: GBP15.00$c25\0$e01-jan-2008$fGBP15.00$g0$hP$5Uk
=LAS  \\$a5410$b40$c20161216$lBLL01$h1433

