=LDR  02427 as a22006377a 4500
=001  011453231
=003  Uk
=005  20190301120706.0
=006  m\\\\\\\\d\|\\\\\\
=007  cr||||||||||||
=008  971201d20012002enker\p\s\\\\\0\\\a0eng\\
=FMT  \\$a  SE
=022  0\$a1364-5447$202
=040  \\$aUk$beng$cUk
=042  \\$aissnuk
=210  0\$aJ. Chem. Soc., Dalton trans.$b(2001. Online)
=222  \0$aJournal of the Chemical Society. Dalton transactions$b(2001. Online)
=245  00$aJournal of the Chemical Society.$pDalton transactions$h[electronic resource].
=246  30$aDalton transactions
=260  \\$a[London] :$bRoyal Society of Chemistry
=336  \\$atext$2rdacontent
=337  \\$acomputer$2rdamedia
=338  \\$aonline resource$2rdacarrier
=540  \\$aCurrent copyright fee: GBP46.75$c6\1$5Uk
=710  2\$aChemical Society (Great Britain)
=776  0\$tJournal of the Chemical Society. Dalton transactions$x1472-7773
=710  2\$aRoyal Society of Chemistry (Great Britain)
=785  00$tDalton transactions (Online)$x1477-9234
=856  \\$31850-9999$uhttp://www.rsc.org/$xBLDSS
=856  40$uhttps://pubs.rsc.org/en/journals/journalissues/dt#!issueid=dt002024&type=archive&issnprint=1472-7773
=945  \\$aJOURNAL- CHEMICAL SOCIETY DALTON TRANSACTIONS
=979  \\$aBritish Library$bDSC$j4727.200000
=CAT  \\$aCONV$b00$c20040425$lBLL90$h0849
=CAT  \\$aCONV$b00$c20040502$lBLL01$h1434
=CAT  \\$aUE-01$b00$c20041112$lBLL01$h1219
=CAT  \\$a3072$b40$c20051125$lBLL01$h1116
=CAT  \\$a3072$b40$c20051125$lBLL01$h1117
=CAT  \\$aglobal_upd$b40$c20060417$lBLL01$h1817
=CAT  \\$a11306$b40$c20061026$lBLL01$h1108
=CAT  \\$a6537$b40$c20070616$lBLL01$h1118
=CAT  \\$a6537$b40$c20070616$lBLL01$h1120
=CAT  \\$aBATCH$b00$c20091210$lBLL01$h0501
=CAT  \\$aBATCH$b00$c20091214$lBLL01$h0704
=CAT  \\$a11316$b40$c20120713$lBLL01$h0956
=CAT  \\$a5552$b40$c20190221$lBLL01$h1421
=CAT  \\$aBLDSS-3PM$b00$c20190227$lBLL01$h1406
=CAT  \\$aBATCH-UPD$b00$c20190227$lBLL01$h1407
=CAT  \\$a11313$b40$c20190301$lBLL01$h1207
=CFI  0\$aCurrent copyright fee: GBP46.75$c6\1$e21-feb-2019$fGBP46.75$g0$hP$5Uk
=FFP  \\$aY$bBLDSS-3PM
=FIN  \\$aY
=LEO  \\$aMP22.0000051367
=SRC  \\$aISN01$bbibmp22.200404.2.aa
=TCO  \\$aCLA$bCLA$c008
=UNO  \\$aY
=LAS  \\$a11313$b40$c20190301$lBLL01$h1207

