=LDR  02600 as a22006377a 4500
=001  011453232
=003  Uk
=005  20190301120819.0
=007  cr||||||||||||
=008  971201d19901998enkmr2p\o\\\\\0\\\a0eng\\
=FMT  \\$a  SE
=022  0\$a1364-5455$202
=040  \\$aUk$cUk$dUk
=042  \\$aissnuk
=210  0\$aJ. Chem. Soc., Faraday trans.$b(Online)
=222  \0$aJournal of the Chemical Society. Faraday transactions$b(Online)
=245  00$aJournal of the Chemical Society.$pFaraday transactions$h[electronic resource].
=260  \\$a[London] :$b[Royal Society of Chemistry]
=336  \\$atext$2rdacontent
=337  \\$acomputer$2rdamedia
=338  \\$aonline resource$2rdacarrier
=540  \\$aCurrent copyright fee: GBP46.75$c6\1$5Uk
=580  \\$aMerged with: Bunsengesellschaft für physikalische Chemie. Berichte der Bunsen-Gesellschaft, to become: PCCP.
=710  2\$aChemical Society (Great Britain)
=710  2\$aRoyal Society of Chemistry (Great Britain)
=776  0\$tJournal of the Chemical Society. Faraday transactions (Print)$x0956-5000
=780  04$tJournal of the Chemical Society. Faraday transactions II$c(Online)$x2050-5663
=780  04$tJournal of the Chemical Society. Faraday Transactions I$c(Online)$x2050-5655
=785  17$tBerichte der Bunsen-Gesellschaft
=785  17$tPhysical chemistry chemical physics (Online)$x1463-9084
=856  \\$31850-9999$uhttp://www.rsc.org/$xBLDSS
=856  40$uhttp://www.rsc.org/publishing/journals/ft/article.asp
=945  \\$aJOURNAL- CHEMICAL SOCIETY FARADAY TRANSACTIONS
=979  \\$aBritish Library$bDSC$j4727.290000
=CAT  \\$aCONV$b00$c20040425$lBLL90$h0849
=CAT  \\$aCONV$b00$c20040502$lBLL01$h1434
=CAT  \\$aUE-01$b00$c20041112$lBLL01$h1219
=CAT  \\$aglobal_upd$b40$c20060417$lBLL01$h1817
=CAT  \\$a11306$b40$c20061026$lBLL01$h1108
=CAT  \\$aBATCH$b00$c20091210$lBLL01$h0501
=CAT  \\$aBATCH$b00$c20091214$lBLL01$h0704
=CAT  \\$a11316$b40$c20120713$lBLL01$h0909
=CAT  \\$a11316$b40$c20120713$lBLL01$h0918
=CAT  \\$a11316$b40$c20140925$lBLL01$h1013
=CAT  \\$a5552$b40$c20190221$lBLL01$h1358
=CAT  \\$aBLDSS-3PM$b00$c20190227$lBLL01$h1406
=CAT  \\$aBATCH-UPD$b00$c20190227$lBLL01$h1407
=CAT  \\$a11313$b40$c20190301$lBLL01$h1208
=CFI  0\$aCurrent copyright fee: GBP46.75$c6\1$e21-feb-2019$fGBP46.75$g0$hP$5Uk
=FFP  \\$aY$bBLDSS-3PM
=FIN  \\$aY
=LEO  \\$aMP22.0000051368
=SRC  \\$aISN01$bbibmp22.200404.2.aa
=TCO  \\$aCLA$bCLA$c008
=UNO  \\$aY
=LAS  \\$a11313$b40$c20190301$lBLL01$h1208

