=LDR  02397 as a22006617a 4500
=001  011453470
=003  Uk
=005  20200331161011.0
=006  m\\\\\\\\d\|\\\\\\
=007  cr||||||||||||
=008  980804d19971998enkbr\p\s\\\\\0\\\a0eng\\
=FMT  \\$a  SE
=022  0\$a1365-2176$202
=040  \\$aUk$beng$cUk
=042  \\$aissnuk
=210  0\$aBr. j. urol.$b(Online)
=222  \0$aBritish journal of urology$b(Online)
=245  00$aBritish journal of urology$h[electronic resource].
=260  \\$a[Oxford] :$b[Blackwell Science]
=336  \\$atext$2rdacontent
=337  \\$acomputer$2rdamedia
=338  \\$aonline resource$2rdacarrier
=595  \\$aCONTD AS 2105.758000
=540  \\$aCurrent copyright fee: GBP32.00$c35\0$5Uk
=776  0\$tBritish journal of urology$x0007-1331
=785  00$tBJU international$c(Online)$x1464-410X
=856  \\$31850-9999$uhttp://onlinelibrary.wiley.com/$xBLDSS
=856  40$uhttp://www.bjuinternational.com/
=CAT  \\$aCONV$b00$c20040425$lBLL90$h0849
=CAT  \\$aCONV$b00$c20040502$lBLL01$h1434
=CAT  \\$aglobal_upd$b40$c20060417$lBLL01$h1817
=CAT  \\$a6537$b40$c20070616$lBLL01$h1133
=CAT  \\$aBATCH$b00$c20091210$lBLL01$h0501
=CAT  \\$aBATCH$b00$c20091214$lBLL01$h0704
=CAT  \\$a8456$b40$c20130522$lBLL01$h1122
=CAT  \\$a8055$b40$c20180619$lBLL01$h1439
=CAT  \\$a8055$b40$c20180619$lBLL01$h1442
=CAT  \\$aBATCH-UPD$b40$c20180619$lBLL01$h2332
=CAT  \\$a10973$b40$c20180621$lBLL01$h1130
=CAT  \\$aBLDSS-3PM$b00$c20180625$lBLL01$h1602
=CAT  \\$aBATCH-UPD$b00$c20180625$lBLL01$h1603
=CAT  \\$a8055$b40$c20181114$lBLL01$h1334
=CAT  \\$a8055$b40$c20181114$lBLL01$h1336
=CAT  \\$aBATCH-UPD$b40$c20181121$lBLL01$h1620
=CAT  \\$aIPL-CLA$c20181231$lBLL01$h1538
=CAT  \\$aBATCH-UPD$b00$c20200219$lBLL01$h1540
=CAT  \\$aIPL-CLA$c20200331$lBLL01$h1610
=CFI  0\$aCurrent copyright fee: GBP32.00$c35\0$e01-apr-2020$fGBP32.00$g0$hP$5Uk
=CFI  2\$aPrevious copyright fee: GBP28.00$c35\0$e01-jan-2019$fGBP28.00$g0$hP$5Uk
=FFP  \\$aY$bBLDSS-3PM
=FIN  \\$aY
=LEO  \\$aMP22.0000051908
=MNI  \\$a0007-1331
=SRC  \\$aISN01$bbibmp22.200404.2.aa
=TCO  \\$aCLA$bCLA$c008
=UNO  \\$aY
=ACF  \\$aPrevious copyright fee: GBP24.00$c35\0$e19-jun-2018$fGBP24.00$g0$hP$5Uk
=LAS  \\$aIPL-CLA$b00$c20200331$lBLL01$h1610

