=LDR  02843cas a22007217a 4500
=001  011453533
=003  Uk
=005  20230426110752.0
=007  cr||||||||||||
=008  990308d19971997enkbr\p\s\\\\\0\\\a0eng\\
=FMT  \\$a  SE
=022  0\$a1365-280X$202
=040  \\$aUk$cUk$dUk
=082  04$a616.969005$223
=210  0\$aJ. med. vet. mycol.$b(Online)
=222  \0$aJournal of medical & veterinary mycology$b(Online)
=245  00$aJournal of medical & veterinary mycology$h[electronic resource].
=260  \\$a[Oxford] :$bBlackwell Science
=310  \\$aBimonthly
=336  \\$atext$2rdacontent
=337  \\$acomputer$2rdamedia
=338  \\$aonline resource$2rdacarrier
=588  \\$aLatest issue consulted: volume 35, issue 6 (November 1997) (Oxford Journals, viewed January 21, 2015).
=540  \\$aCurrent copyright fee: GBP22.00$c29\0$5Uk
=650  \0$aMedical mycology$vPeriodicals.
=650  \0$aVeterinary mycology$vPeriodicals.
=710  2\$aInternational Society for Human and Animal Mycology.
=776  0\$tJournal of medical and veterinary mycology (Print)$x0268-1218
=780  00$tSabouraudia$x2058-1122
=785  00$tMedical mycology (Online)$x1460-2709
=856  \\$31850-9999$uhttp://www.oxfordjournals.org/$xBLDSS
=856  40$uhttp://jmvm.oxfordjournals.org/content/by/year
=945  \\$aJournal of medical and veterinary mycology
=979  \\$aBritish Library$bDSC$j5017.048200
=CAT  \\$aCONV$b00$c20040425$lBLL90$h0849
=CAT  \\$aCONV$b00$c20040502$lBLL01$h1434
=CAT  \\$a7332$b40$c20051214$lBLL01$h1118
=CAT  \\$aglobal_upd$b40$c20060417$lBLL01$h1817
=CAT  \\$aBATCH$b00$c20091210$lBLL01$h0501
=CAT  \\$aBATCH$b00$c20091214$lBLL01$h0704
=CAT  \\$a8323$b40$c20110216$lBLL01$h1604
=CAT  \\$a8124$b40$c20140121$lBLL01$h1445
=CAT  \\$a8124$b40$c20140121$lBLL01$h1446
=CAT  \\$a11316$b40$c20150121$lBLL01$h1216
=CAT  \\$a8483$b40$c20160331$lBLL01$h1213
=CAT  \\$a5552$b40$c20210415$lBLL01$h1217
=CAT  \\$aBLDSS-3PM$b00$c20210422$lBLL01$h1235
=CAT  \\$aBATCH-UPD$b00$c20210422$lBLL01$h1235
=CAT  \\$aBATCH-UPD$b00$c20220308$lBLL01$h1734
=CAT  \\$aIPL-CLA$c20220331$lBLL01$h1951
=CAT  \\$aS2302-1302$c20230322$lBLL01$h1708
=CAT  \\$aBATCH-SUPP$c20230426$lBLL01$h1107
=CFI  0\$aCurrent copyright fee: GBP22.00$c29\0$e01-apr-2022$fGBP22.00$g0$hP$5Uk
=CFI  2\$aPrevious copyright fee: GBP20.00$c29\0$e15-apr-2021$fGBP20.00$g0$hP$5Uk
=FFP  \\$aY$bBLDSS-3PM
=FIN  \\$aY
=LEO  \\$aMP22.0000051971
=LKR  \\$aPAR$b013361085$lBLL01$nMedical mycology (Online)$mJournal of medical & veterinary mycology (Online)$r78500
=SRC  \\$aISN01$bbibmp22.200404.2.aa
=TCO  \\$aCLA$bCLA$c008
=TOC  \\$aETOC
=UNO  \\$aY
=LAS  \\$aBATCH-SUPP$b00$c20230426$lBLL01$h1107

