=LDR  02192cas a22006017a 4500
=001  011455541
=003  Uk
=005  20230426110752.0
=006  m\\\\\\\\d\|\\\\\\
=007  cr||||||||||||
=008  971007d199u1997enkbr\p\o\\\\\0\\\a0eng\\
=FMT  \\$a  SE
=022  0\$a1460-2059$202
=040  \\$aUk$beng$cUk$dUk
=042  \\$aissnuk
=210  0\$aComput. appl. biosci.$b(Online)
=222  \0$aComputer applications in the biosciences$b(Online)
=245  00$aComputer applications in the biosciences$h[electronic resource].
=246  3\$aCABIOS (Online)
=260  \\$aOxford :$bOxford University Press
=310  \\$aBimonthly
=336  \\$atext$2rdacontent
=337  \\$acomputer$2rdamedia
=338  \\$aonline resource$2rdacarrier
=540  \\$aCurrent copyright fee: zero$c29\0$5Uk
=776  0\$tComputer applications in the biosciences$x0266-7061
=785  00$tBioinformatics (Oxford, England : Online)$x1367-4811
=856  \\$31850-9999$uhttp://www.oxfordjournals.org/$xBLDSS
=856  40$uhttps://academic.oup.com/bioinformatics/
=979  \\$aBritish Library$bDSC$j3393.635000
=CAT  \\$aCONV$b00$c20040425$lBLL90$h0849
=CAT  \\$aCONV$b00$c20040502$lBLL01$h1434
=CAT  \\$aglobal_upd$b40$c20060417$lBLL01$h1818
=CAT  \\$a6537$b40$c20070626$lBLL01$h0924
=CAT  \\$aBATCH$b00$c20091210$lBLL01$h0502
=CAT  \\$aBATCH$b00$c20091214$lBLL01$h0705
=CAT  \\$a8323$b40$c20140116$lBLL01$h1334
=CAT  \\$a8323$b40$c20140116$lBLL01$h1350
=CAT  \\$a12654$b40$c20230302$lBLL01$h0801
=CAT  \\$aBLDSS-3PM$b00$c20230306$lBLL01$h1311
=CAT  \\$aBATCH-UPD$b00$c20230306$lBLL01$h1311
=CAT  \\$aBATCH-UNOA$c20230308$lBLL01$h0217
=CAT  \\$a7152$b40$c20230314$lBLL01$h1306
=CAT  \\$aBATCH-SUPP$c20230426$lBLL01$h1107
=CFI  0\$aCurrent copyright fee: zero$c29\0$e02-mar-2023$fGBP0.00$g0$hP$5Uk
=FFP  \\$aY$bBLDSS-3PM
=FIN  \\$aY
=LEO  \\$aMP22.0000056179
=LKR  \\$aPAR$b012432218$lBLL01$nBioinformatics$mComputer applications in the biosciences$r78500
=SRC  \\$aISN01$bbibmp22.200404.2.aa
=TCO  \\$aCLA$bCLA$c008
=UNO  \\$aY
=LAS  \\$aBATCH-SUPP$b00$c20230426$lBLL01$h1107

