=LDR  03447cas a22008417a 4500
=001  011457152
=003  Uk
=005  20230930080529.0
=006  m\\\\\\\\d\|\\\\\\
=007  cr||||||||||||
=008  020307d19992011enkqr\p\s\\\\\0\\\a0eng\\
=FMT  \\$a  SE
=022  0\$a1465-3281$202
=040  \\$aUk$beng$cUk$dUk
=042  \\$aissnuk
=210  0\$aAnn. trop. paediatr.$b(Online)
=222  \0$aAnnals of tropical paediatrics$b(Online)
=245  00$aAnnals of tropical paediatrics$h[electronic resource].
=260  \\$aLondon :$bCarfax
=260  3\$32002-2011$aLeeds :$bManey
=336  \\$atext$2rdacontent
=337  \\$acomputer$2rdamedia
=338  \\$aonline resource$2rdacarrier
=588  \\$aLatest issue consulted: Vol. 31, no. 1 (Feb. 2011).
=540  \\$aCurrent copyright fee: GBP43.00$c2\0$5Uk
=776  0\$tAnnals of tropical paediatrics$x0272-4936
=785  00$tPaediatrics and international child health$c(Online)$x2046-9055
=856  \\$31850-9999$uhttp://maneypublishing.com/$xBLDSS
=856  40$uhttp://www.tandfonline.com/loi/ypch19
=945  \\$aAnnals of tropical paediatrics.
=979  \\$aBritish Library$bDSC$j1045.100000
=CAT  \\$aCONV$b00$c20040425$lBLL90$h0850
=CAT  \\$aBATCH$b00$c20100401$lBLL01$h0520
=CAT  \\$aBATCH$b00$c20100401$lBLL01$h1547
=CAT  \\$a11315$b40$c20110503$lBLL01$h0908
=CAT  \\$a11315$b40$c20110503$lBLL01$h0921
=CAT  \\$a11205$b40$c20120330$lBLL01$h1208
=CAT  \\$a11205$b40$c20120330$lBLL01$h1443
=CAT  \\$a5552$b40$c20120402$lBLL01$h1103
=CAT  \\$aIPL-CLA$c20120629$lBLL01$h1022
=CAT  \\$aBLDSS-3PM$b00$c20141208$lBLL01$h1624
=CAT  \\$aBATCH-UPD$b00$c20151119$lBLL01$h1602
=CAT  \\$aIPL-CLA$c20151231$lBLL01$h1915
=CAT  \\$aBATCH-UPD$b00$c20160413$lBLL01$h1813
=CAT  \\$a5552$b40$c20161024$lBLL01$h0929
=CAT  \\$a11313$b40$c20161028$lBLL01$h0844
=CAT  \\$aBATCH-UPD$b40$c20161122$lBLL01$h1542
=CAT  \\$aIPL-CLA$c20161230$lBLL01$h2020
=CAT  \\$a5552$b40$c20190111$lBLL01$h1212
=CAT  \\$aBATCH-UPD$b40$c20191122$lBLL01$h1917
=CAT  \\$aIPL-CLA$c20191231$lBLL01$h1852
=CAT  \\$aBATCH-UPD$b00$c20201118$lBLL01$h1351
=CAT  \\$aIPL-CLA$c20201231$lBLL01$h1526
=CAT  \\$aBATCH-UPD$b00$c20221121$lBLL01$h1426
=CAT  \\$aIPL-CLA$c20221231$lBLL01$h1442
=CAT  \\$aR2308-1440$c20230824$lBLL01$h0927
=CAT  \\$aIPL-CLA$c20230930$lBLL01$h0805
=CFI  0\$aCurrent copyright fee: GBP43.00$c2\0$e01-oct-2023$fGBP43.00$g0$hP$5Uk
=CFI  2\$aPrevious copyright fee: GBP43.00$c47\0$e01-jan-2023$fGBP43.00$g0$hP$5Uk
=FFP  \\$aY$bBLDSS-3PM
=FIN  \\$aY
=LEO  \\$aMP22.0000060148
=SRC  \\$aISN01$bbibmp22.200404.2.aa
=TCO  \\$aCLA$bCLA$c008
=TOC  \\$aETOC
=ACF  \\$aPrevious Copyright Fee: GBP18.00$c47\0$e01-apr-2010$fGBP18.00$g0$hP$5Uk
=ACF  \\$aPrevious copyright fee: GBP25.00$c47\0$e01-jul-2012$fGBP25.00$g0$hP$5Uk
=ACF  \\$aPrevious copyright fee: GBP28.00$c47\0$e01-jan-2017$fGBP28.00$g0$hP$5Uk
=ACF  \\$aPrevious copyright fee: GBP26.00$c47\0$e01-jan-2016$fGBP26.00$g0$hP$5Uk
=ACF  \\$aPrevious copyright fee: GBP37.00$c47\0$e11-jan-2019$fGBP37.00$g0$hP$5Uk
=ACF  \\$aPrevious copyright fee: GBP39.00$c47\0$e01-jan-2020$fGBP39.00$g0$hP$5Uk
=ACF  \\$aPrevious copyright fee: GBP41.00$c47\0$e01-jan-2021$fGBP41.00$g0$hP$5Uk
=LAS  \\$aIPL-CLA$b00$c20230930$lBLL01$h0805

