=LDR  02198 as a22006133i 4500
=001  011457488
=003  Uk
=005  20161219104259.0
=007  cr\|||||||||||
=008  030728d19992002enkq|2p\s\\\\\0\\\a0eng\\
=FMT  \\$a  SE
=022  0\$a1466-4119$202
=040  \\$aUk$cUk$dUk
=042  \\$aissnuk
=210  0\$aBr. j. clin. gov.$b(Online)
=222  \0$aBritish journal of clinical governance$b(Online)
=245  00$aBritish journal of clinical governance.
=260  \\$aBradford :$bEmerald.
=336  \\$atext$2rdacontent
=337  \\$acomputer$2rdamedia
=338  \\$aonline resource$2rdacarrier
=540  \\$aCurrent copyright fee: GBP30.00$c25\0$5Uk
=776  0\$tBritish journal of clinical governance$x1466-4100
=780  00$tJournal of clinical effectiveness$x2396-9148
=780  05$aClinical performance and quality health care$x2054-5584
=785  00$tClinical governance$x1758-6038
=856  \\$31850-9999$uhttp://www.emeraldinsight.com/$xBLDSS
=856  40$uhttp://www.emeraldinsight.com/loi/bjcg
=945  \\$aBritish journal of clinical governance -Bradford-.
=979  \\$aBritish Library$cDSC$j2307.140000
=CAT  \\$aCONV$b00$c20040425$lBLL90$h0850
=CAT  \\$aCONV$b00$c20040502$lBLL01$h1434
=CAT  \\$aglobal_upd$b40$c20060417$lBLL01$h1818
=CAT  \\$a11316$b40$c20080807$lBLL01$h1449
=CAT  \\$aBATCH$b00$c20091210$lBLL01$h0503
=CAT  \\$aBATCH$b00$c20091214$lBLL01$h0706
=CAT  \\$a11316$b40$c20131204$lBLL01$h1131
=CAT  \\$a11316$b40$c20131204$lBLL01$h1140
=CAT  \\$a11316$b40$c20151007$lBLL01$h1143
=CAT  \\$a5552$b40$c20151110$lBLL01$h1055
=CAT  \\$a5552$b40$c20151110$lBLL01$h1504
=CAT  \\$aBLDSS-3PM$b00$c20151123$lBLL01$h1623
=CAT  \\$aBATCH-UPD$b00$c20160413$lBLL01$h1813
=CAT  \\$a5552$b40$c20161209$lBLL01$h1231
=CAT  \\$a10973$b40$c20161219$lBLL01$h1042
=CFI  0\$aCurrent copyright fee: GBP30.00$c25\0$e10-nov-2015$fGBP30.00$g0$hP$5Uk
=FFP  \\$aY$bBLDSS-3PM
=FIN  \\$aY
=LEO  \\$aMP22.0000060989
=SRC  \\$aISN01$bbibmp22.200404.2.aa
=TCO  \\$aCLA$bCLA$c008
=TOC  \\$aETOC
=UNO  \\$aY
=LAS  \\$a10973$b40$c20161219$lBLL01$h1042

