=LDR  03048cas a22008057a 4500
=001  011458245
=003  Uk
=005  20221231144202.0
=007  cr||||
=008  991004d19952000enkwr2p\s\\\\\0\\\a0eng\\
=FMT  \\$a  SE
=022  0\$a1468-5833$202
=040  \\$aUk$cUk$dUk
=042  \\$aissnuk
=210  0\$aeBMJ$b(Lond.)
=222  \0$aeBMJ$b(London)
=245  00$aeBMJ$h[electronic resource].
=246  00$aeBritish medical journal (London)
=260  \\$aLondon :$bBMJ Publishing
=336  \\$atext$2rdacontent
=337  \\$acomputer$2rdamedia
=338  \\$aonline resource$2rdacarrier
=540  \\$aCurrent copyright fee: GBP46.00$c118\0$5Uk
=787  0\$tBMJ. British medical journal (Compact edition)$x0959-535X
=787  0\$tBMJ. British medical journal (Clinical research ed.)$x0959-8138
=787  0\$tBMJ. British medical journal (Practice observed ed.)$x0959-8154
=787  0\$tBMJ. British medical journal (International ed.)$x0959-8146
=785  00$tBMJ (Online)$x1756-1833
=856  \\$31850-9999$uhttp://www.bmj.com/archive$xBLDSS
=856  40$uhttp://www.bmj.com/archive
=945  \\$aeBMJ.
=979  \\$aBritish Library$bDSC$j3647.163100N
=CAT  \\$aCONV$b00$c20040425$lBLL90$h0850
=CAT  \\$aglobal_upd$b40$c20060417$lBLL01$h1818
=CAT  \\$a8874$b40$c20060926$lBLL01$h1439
=CAT  \\$a11316$b40$c20071016$lBLL01$h1137
=CAT  \\$a6537$b40$c20080220$lBLL01$h0759
=CAT  \\$aBATCH$b00$c20091210$lBLL01$h0503
=CAT  \\$aBATCH$b00$c20091214$lBLL01$h0706
=CAT  \\$a11316$b40$c20150316$lBLL01$h1011
=CAT  \\$a5552$b40$c20151203$lBLL01$h0857
=CAT  \\$aIPL-CLA$c20151231$lBLL01$h1916
=CAT  \\$aBLDSS-3PM$b00$c20160108$lBLL01$h1819
=CAT  \\$aBATCH-UPD$b00$c20160413$lBLL01$h1813
=CAT  \\$a5552$b40$c20170201$lBLL01$h1108
=CAT  \\$a10806$b40$c20170214$lBLL01$h1145
=CAT  \\$a10806$b40$c20170214$lBLL01$h1147
=CAT  \\$aBATCH-UPD$b40$c20171121$lBLL01$h1629
=CAT  \\$aIPL-CLA$c20171231$lBLL01$h1545
=CAT  \\$aBATCH-UPD$b00$c20190708$lBLL01$h1413
=CAT  \\$aIPL-CLA$c20190708$lBLL01$h1438
=CAT  \\$aBATCH-UPD$b00$c20191122$lBLL01$h1849
=CAT  \\$aR1912-1484$c20191223$lBLL01$h0827
=CAT  \\$aIPL-CLA$c20191231$lBLL01$h1852
=CAT  \\$aBATCH-UPD$b00$c20211119$lBLL01$h1515
=CAT  \\$aIPL-CLA$c20211231$lBLL01$h1540
=CAT  \\$aBATCH-UPD$b00$c20221121$lBLL01$h1324
=CAT  \\$aIPL-CLA$c20221231$lBLL01$h1442
=CFI  0\$aCurrent copyright fee: GBP46.00$c118\0$e01-jan-2023$fGBP46.00$g0$hP$5Uk
=CFI  2\$aPrevious copyright fee: GBP41.00$c118\0$e01-jan-2022$fGBP41.00$g0$hP$5Uk
=FFP  \\$aY$bBLDSS-3PM
=FIN  \\$aY
=LEO  \\$aMP22.0000062694
=SRC  \\$aISN01$bbibmp22.200404.2.aa
=TCO  \\$aCLA$bCLA$c008
=TOC  \\$aETOC
=UNO  \\$aY
=ACF  \\$aPrevious Copyright Fee: GBP28.00$c118\0$e01-jan-2016$fGBP28.00$g0$hP$5Uk
=ACF  \\$aPrevious copyright fee: GBP38.50$c118\0$e01-jan-2020$fGBP38.50$g0$hP$5Uk
=LAS  \\$aIPL-CLA$b00$c20221231$lBLL01$h1442

