=LDR  03299cas a22007813i 4500
=001  011458491
=003  Uk
=005  20221231201529.0
=007  cr\|||||||||||
=008  001030d19492001xxkzr\p\s\\\\\0\\\a0eng\\
=FMT  \\$a  SE
=022  0\$a1469-3550$202
=040  \\$aUk$cUk
=042  \\$aissnuk
=210  0\$aBull. Hisp. stud.$b(Abingdon, Online)
=222  \0$aBulletin of Hispanic studies$b(Abingdon. Online)
=245  00$aBulletin of Hispanic studies$h[electronic resource].
=260  \\$aLondon :$bCarfax.
=336  \\$atext$2rdacontent
=337  \\$acomputer$2rdamedia
=338  \\$aonline resource$2rdacarrier
=540  \\$aCurrent copyright fee: GBP37.00$c2\0$5Uk
=776  0\$tBulletin of Hispanic Studies (Liverpool. 1949. Print)$x0007-490X
=785  00$tBulletin of Spanish studies (2002. Online)$x1478-3428
=856  \\$31850-9999$uhttp://www.tandfonline.com/$xBLDSS
=856  40$uhttp://www.tandfonline.com/loi/cbhs20
=CAT  \\$aCONV$b00$c20040425$lBLL90$h0850
=CAT  \\$a5552$b40$c20130704$lBLL01$h0925
=CAT  \\$aBATCH-UPD$b40$c20131119$lBLL01$h1958
=CAT  \\$aIPL-CLA$c20131231$lBLL01$h2220
=CAT  \\$aBATCH-UPD$b00$c20141124$lBLL01$h1801
=CAT  \\$aBLDSS-3PM$b00$c20141130$lBLL01$h1247
=CAT  \\$aIPL-CLA$c20141231$lBLL01$h1648
=CAT  \\$aBATCH-UPD$b00$c20151119$lBLL01$h1542
=CAT  \\$aIPL-CLA$c20151231$lBLL01$h1916
=CAT  \\$aBATCH-UPD$b00$c20160413$lBLL01$h1813
=CAT  \\$a8483$b40$c20160513$lBLL01$h1155
=CAT  \\$aBATCH-UPD$b40$c20161122$lBLL01$h1511
=CAT  \\$aBATCH-UPD$b40$c20161122$lBLL01$h1607
=CAT  \\$a10806$b40$c20161128$lBLL01$h1406
=CAT  \\$a5552$b40$c20161212$lBLL01$h1404
=CAT  \\$aIPL-CLA$c20161230$lBLL01$h2021
=CAT  \\$aBATCH-UPD$b00$c20171121$lBLL01$h1646
=CAT  \\$aIPL-CLA$c20171231$lBLL01$h1545
=CAT  \\$aBATCH-UPD$b00$c20181217$lBLL01$h1637
=CAT  \\$aIPL-CLA$c20181231$lBLL01$h1538
=CAT  \\$aBATCH-UPD$b00$c20191122$lBLL01$h1859
=CAT  \\$aIPL-CLA$c20191231$lBLL01$h1852
=CAT  \\$aBATCH-UPD$b00$c20201118$lBLL01$h1333
=CAT  \\$aIPL-CLA$c20201231$lBLL01$h2109
=CAT  \\$aBATCH-UPD$b00$c20221121$lBLL01$h1345
=CAT  \\$aIPL-CLA$c20221231$lBLL01$h2015
=CFI  0\$aCurrent copyright fee: GBP37.00$c2\0$e01-jan-2023$fGBP37.00$g0$hP$5Uk
=CFI  2\$aPrevious copyright fee: GBP35.00$c2\0$e01-jan-2021$fGBP35.00$g0$hP$5Uk
=FFP  \\$aY$bBLDSS-3PM
=FIN  \\$aY
=LEO  \\$aMP22.0000063263
=SRC  \\$aISN01$bbibmp22.200404.2.aa
=TCO  \\$aCLA$bCLA$c008
=ACF  \\$aPrevious Copyright Fee: GBP23.50$c2\0$e04-jul-2013$fGBP23.50$g0$hP$5Uk
=ACF  \\$aPrevious copyright fee: GBP24.00$c2\0$e01-jan-2014$fGBP24.00$g0$hP$5Uk
=ACF  \\$aPrevious copyright fee: GBP25.00$c2\0$e01-jan-2015$fGBP25.00$g0$hP$5Uk
=ACF  \\$aPrevious copyright fee: GBP26.00$c2\0$e01-jan-2016$fGBP26.00$g0$hP$5Uk
=ACF  \\$aPrevious copyright fee: GBP28.00$c2\0$e01-jan-2017$fGBP28.00$g0$hP$5Uk
=ACF  \\$aPrevious copyright fee: GBP30.00$c2\0$e01-jan-2018$fGBP30.00$g0$hP$5Uk
=ACF  \\$aPrevious copyright fee: GBP32.00$c2\0$e01-jan-2019$fGBP32.00$g0$hP$5Uk
=ACF  \\$aPrevious copyright fee: GBP34.00$c2\0$e01-jan-2020$fGBP34.00$g0$hP$5Uk
=LAS  \\$aIPL-CLA$b00$c20221231$lBLL01$h2015

