=LDR  02680 as a22006857i 4500
=001  011458562
=003  Uk
=005  20200331161013.0
=006  m\\\\\\\\d\|\\\\\\
=007  cr||||||||||||
=008  000111c19989999enkqr\\\s\\\\\0\\\a0eng\\
=FMT  \\$a  SE
=022  0\$a1469-493X$202
=040  \\$aUk$beng$cUk
=042  \\$aissnuk
=210  0\$aCochrane database syst. rev.$b(Online)
=222  \0$aCochrane database of systematic reviews$b(Online)
=245  00$aCochrane database of systematic reviews$h[electronic resource].
=260  \\$aOxford :$bUpdate Software
=310  \\$aQuarterly
=336  \\$atext$2rdacontent
=337  \\$acomputer$2rdamedia
=338  \\$aonline resource$2rdacarrier
=540  \\$aCurrent copyright fee: GBP32.00$c35\0$5Uk
=776  0\$tCochrane database of systematic reviews$c(CD-ROM)$x1361-6137
=760  0\$tCochrane library (Online)$x1465-1858
=856  \\$31850-9999$uhttp://onlinelibrary.wiley.com/$xBLDSS
=856  4\$uhttp://www.cochranelibrary.com/cochrane-database-of-systematic-reviews/index.html
=945  \\$aCochrane database of systematic reviews.
=979  \\$aBritish Library$bDSC$j3292.724500
=CAT  \\$aCONV$b00$c20040425$lBLL90$h0850
=CAT  \\$aCONV$b00$c20040502$lBLL01$h1434
=CAT  \\$a3072$b40$c20050427$lBLL01$h1407
=CAT  \\$aglobal_upd$b40$c20060417$lBLL01$h1819
=CAT  \\$aISSN$b40$c20080325$lBLL01$h0950
=CAT  \\$aBATCH$b00$c20091210$lBLL01$h0503
=CAT  \\$aBATCH$b00$c20091214$lBLL01$h0706
=CAT  \\$a5552$b40$c20151215$lBLL01$h1142
=CAT  \\$aBLDSS-3PM$b00$c20151221$lBLL01$h1756
=CAT  \\$aBATCH-UPD$b00$c20160413$lBLL01$h1813
=CAT  \\$a5552$b40$c20161222$lBLL01$h0914
=CAT  \\$a5410$b40$c20170106$lBLL01$h0944
=CAT  \\$a11313$b40$c20170112$lBLL01$h1100
=CAT  \\$aBATCH-UPD$b40$c20180219$lBLL01$h1743
=CAT  \\$a10969$b40$c20180518$lBLL01$h1745
=CAT  \\$aBATCH-UPD$b40$c20181121$lBLL01$h1620
=CAT  \\$aIPL-CLA$c20181231$lBLL01$h1538
=CAT  \\$aBATCH-UPD$b00$c20200219$lBLL01$h1540
=CAT  \\$aIPL-CLA$c20200331$lBLL01$h1610
=CFI  0\$aCurrent copyright fee: GBP32.00$c35\0$e01-apr-2020$fGBP32.00$g0$hP$5Uk
=CFI  2\$aPrevious copyright fee: GBP28.00$c35\0$e01-jan-2019$fGBP28.00$g0$hP$5Uk
=FFP  \\$aY$bBLDSS-3PM
=FIN  \\$aY
=LEO  \\$aMP22.0000063378
=LKR  \\$aUP$b007197729$lBLL01$nThe Cochrane library.$mCochrane database of systematic reviews$r760
=SRC  \\$aISN01$bbibmp22.200404.2.aa
=TCO  \\$aCLA$bCLA$c008
=UNO  \\$aY
=ACF  \\$aPrevious copyright fee: GBP24.00$c35\0$e15-dec-2015$fGBP24.00$g0$hP$5Uk
=LAS  \\$aIPL-CLA$b00$c20200331$lBLL01$h1610

