=LDR  05786cas a2201297 a 4500
=001  011459054
=003  Uk
=005  20230511162749.0
=006  m\\\\\\\\d\\\\\\\\
=007  cr\cn|||||||||
=008  010728d20012012enk\x\pss\\\\\0\\\a0eng\c
=FMT  \\$a  SE
=010  \\$a  2001227312
=015  \\$aGBB0C6325$2bnb
=016  7\$a100967806$2DNLM
=019  c\$a2605272
=022  0\$a1471-2210$202
=030  \\$aBPMHBU
=035  \\$a(OCoLC)47666286
=040  \\$aMiU$cMiU$dDNLM$dICU$dOUCA$dWaU$dOCoLC$dCU-S$dOCoLC$dUk
=042  \\$aukblsr$aissnuk
=050  14$aRM300
=060  00$aW1
=082  04$a615.105$222
=210  0\$aBMC pharmacol.$b(Online)
=222  \0$aBMC pharmacology$b(Online)
=245  00$aBMC pharmacology$h[electronic resource].
=246  30$aPharmacology
=260  \\$aLondon :$bBioMed Central,$c2001-2012.
=336  \\$atext$2rdacontent
=337  \\$acomputer$2rdamedia
=338  \\$aonline resource$2rdacarrier
=362  0\$aVol. 1 (2001)-
=580  \\$aMerged with: BMC clinical pharmacology, to become: BMC pharmacology & toxicology.
=500  \\$aTitle from BioMed Central archive volume screen (viewed Feb. 13, 2002).
=500  \\$aLatest issue consulted: Vol. 2 (2002).
=515  \\$aArticles are added consecutively to the current annual vol.
=538  \\$aMode of access: World Wide Web.
=540  \\$aCurrent Copyright Fee: zero$c22\1$5Uk
=650  \0$aPharmacology$vPeriodicals.
=710  2\$aBioMed Central Ltd.
=785  17$tBMC clinical pharmacology$x1472-6904
=785  17$tBMC pharmacology & toxicology$x2050-6511
=856  \\$31850-9999$uhttp://link.springer.com/$xBLDSS
=856  40$uhttp://www.biomedcentral.com/bmcpharmacol/
=856  40$uhttp://www.pubmedcentral.nih.gov/tocrender.fcgi?journal=56
=945  \\$aBMC PHARMACOLOGY -ELECTRONIC EDITION-.
=979  \\$aBritish Library$bDSC$j2116.051200N
=985  \\$aLegal Deposit ejournals
=CAT  \\$aCONV$b00$c20040425$lBLL90$h0850
=CAT  \\$aCONV$b00$c20040502$lBLL01$h1434
=CAT  \\$aglobal_upd$b40$c20060417$lBLL01$h1819
=CAT  \\$aBATCH$b00$c20091210$lBLL01$h0503
=CAT  \\$aBATCH$b00$c20091214$lBLL01$h0707
=CAT  \\$a3072$b40$c20101020$lBLL01$h1451
=CAT  \\$aBATCH-UPD$b40$c20101201$lBLL01$h1239
=CAT  \\$aIPL-CLA$c20101231$lBLL01$h1426
=CAT  \\$aWR11_203$c20111204$lBLL01$h1436
=CAT  \\$aIPL-CLA$c20111230$lBLL01$h1930
=CAT  \\$a11313$b40$c20120817$lBLL01$h1151
=CAT  \\$a11313$b40$c20120817$lBLL01$h1253
=CAT  \\$a3072$b40$c20121102$lBLL01$h1440
=CAT  \\$aBATCH-CLA$b00$c20121108$lBLL01$h1736
=CAT  \\$aWR12_168$c20121206$lBLL01$h1813
=CAT  \\$aWR13.005$c20130329$lBLL01$h1224
=CAT  \\$aBATCH-CLA$c20131219$lBLL01$h1850
=CAT  \\$aIPL-CLA$c20131231$lBLL01$h2220
=CAT  \\$aBATCH-CLA$b00$c20161222$lBLL01$h1746
=CAT  \\$aIPL-CLA$c20161230$lBLL01$h2021
=CAT  \\$aBATCH-CLA$b00$c20171222$lBLL01$h2057
=CAT  \\$aIPL-CLA$c20171231$lBLL01$h1545
=CAT  \\$a5552$b40$c20181206$lBLL01$h1458
=CAT  \\$aBATCH-UPD$b40$c20181212$lBLL01$h0020
=CAT  \\$aBLDSS-3PM$b00$c20181218$lBLL01$h1720
=CAT  \\$aBATCH-UPD$b00$c20181218$lBLL01$h1720
=CAT  \\$aBATCH-FIX$c20230511$lBLL01$h1627
=CFI  0\$aCurrent Copyright Fee: zero$c22\1$e06-dec-2018$fGBP0.00$g0$hP$5Uk
=CFI  2\$aPrevious Copyright Fee: GBP17.50$c0$e01-jan-2018$fGBP17.50$g0$hA$5Uk
=FFP  \\$aY$bBLDSS-3PM
=FIN  \\$aY
=LEO  \\$aMP10.0000102509
=LEO  \\$aMP22.0000064675
=SRC  \\$aDSS01$bbibmp10.200404.2.aa
=SRC  \\$aISN01$bbibmp22.200404.2.aa
=SRC  \\$aBLL02
=TCO  \\$aCLA$bCLA$c008
=UNO  \\$aY
=ACF  \\$aPrevious Copyright Fee: GBP15.00$c0$e01-jan-2017$fGBP15.00$g0$hA$5Uk
=ACF  \\$aBritish Library not licensed to copy$c0$e01-jul-2009$hC$iCLA Excluded$5Uk
=ACF  \\$aBritish Library not licensed to copy$c0$e01-apr-2009$hC$iCLA Excluded$5Uk
=ACF  \\$aBritish Library not licensed to copy$c0$e01-jan-2009$hC$iCLA Excluded$5Uk
=ACF  \\$aBritish Library not licensed to copy$c0$e01-oct-2008$hC$iCLA Excluded$5Uk
=ACF  \\$aBritish Library not licensed to copy$c0$e01-jul-2008$hC$iCLA Excluded$5Uk
=ACF  \\$aBritish Library not licensed to copy$c0$e01-apr-2008$hC$iCLA Excluded$5Uk
=ACF  \\$aBritish Library not licensed to copy$c0$e01-jan-2008$hC$iCLA Excluded$5Uk
=ACF  \\$aBritish Library not licensed to copy$c0$e01-oct-2007$hC$iCLA Excluded$5Uk
=ACF  \\$aBritish Library not licensed to copy$c0$e01-jul-2007$hC$iCLA Excluded$5Uk
=ACF  \\$aBritish Library not licensed to copy$c0$e01-apr-2007$hC$iCLA Excluded$5Uk
=ACF  \\$aBritish Library not licensed to copy$c0$e01-jan-2007$hC$iCLA Excluded$5Uk
=ACF  \\$aBritish Library not licensed to copy$c0$e01-oct-2006$hC$iCLA Excluded$5Uk
=ACF  \\$aBritish Library not licensed to copy$c0$e01-jul-2006$hC$iCLA Excluded$5Uk
=ACF  \\$aBritish Library not licensed to copy$c0$e01-apr-2006$hC$iCLA Excluded$5Uk
=ACF  \\$aBritish Library not licensed to copy$c0$e01-jan-2006$hC$iCLA Excluded$5Uk
=ACF  \\$aBritish Library not licensed to copy$c0$e01-oct-2005$hC$iCLA Excluded$5Uk
=ACF  \\$aBritish Library not licensed to copy$c0$e01-jul-2005$hC$iCLA Excluded$5Uk
=ACF  \\$aBritish Library not licensed to copy$c0$e01-apr-2005$hC$iCLA Excluded$5Uk
=ACF  \\$aBritish Library not licensed to copy$c0$e01-jan-2005$hC$iCLA Excluded$5Uk
=ACF  \\$aPrevious copyright fee: GBP10.50$c0$e01-jan-2011$fGBP10.50$g0$hA$5Uk
=ACF  \\$aPrevious copyright fee: GBP12.00$c0$e01-jan-2012$fGBP12.00$g0$hA$5Uk
=ACF  \\$aPrevious Copyright Fee: GBP12.30$c0$e01-jan-2014$fGBP12.30$g0$hA$5Uk
=LAS  \\$aBATCH-FIX$b00$c20230511$lBLL01$h1627

