=LDR  01914cas a22005173i 4500
=001  011459395
=003  Uk
=005  20230731134316.0
=007  cr||||
=008  030203c20019999xxuar\p\s\\\\\0\\\a0eng\\
=FMT  \\$a  SE
=022  0\$a1472-2739
=040  \\$aUk$cUk
=222  \0$aAlgebraic and geometric topology$b(Online)
=245  00$aAlgebraic and geometric topology.
=260  \\$aCoventry :$bGeometry & Topology Publications.
=264  31$aBerkeley, CA :$bMathematical Science Publishers
=336  \\$atext$2rdacontent
=337  \\$acomputer$2rdamedia
=338  \\$aonline resource$2rdacarrier
=540  \\$aCurrent copyright fee: GBP34.30$c5\1$5Uk
=710  2\$aUniversity of Warwick.$bMathematics Institute.
=776  0\$tAlgebraic and geometric topology (Print)$x1472-2747
=856  \\$31850-9999$uhttp://www.sciencedirect.com/$xBLDSS
=856  40$uhttp://msp.org/agt/about/journal/about.html
=945  \\$aAlgebraic and geometric topology
=979  \\$aBritish Library$bDSC$j0787.122000
=985  \\$aISSN responsibility transferred to US ISSN Center, October 27 2014.
=CAT  \\$aCONV$b00$c20040425$lBLL90$h0850
=CAT  \\$aCONV$b00$c20040502$lBLL01$h1434
=CAT  \\$aBIND$b40$c20050510$lBLL01$h1151
=CAT  \\$a8964$b40$c20050629$lBLL01$h1509
=CAT  \\$aglobal_upd$b40$c20060417$lBLL01$h1819
=CAT  \\$aBATCH$b00$c20091210$lBLL01$h0503
=CAT  \\$aBATCH$b00$c20091214$lBLL01$h0707
=CAT  \\$a11313$b40$c20141027$lBLL01$h0948
=CAT  \\$a8055$b40$c20230728$lBLL01$h1400
=CAT  \\$aBLDSS-3PM$b00$c20230731$lBLL01$h1343
=CAT  \\$aBATCH-UPD$b00$c20230731$lBLL01$h1344
=CFI  0\$aCurrent copyright fee: GBP34.30$c5\1$e28-jul-2023$fGBP34.30$g0$hP$5Uk
=FFP  \\$aY$bBLDSS-3PM
=FIN  \\$aY
=LEO  \\$aMP22.0000065451
=SRC  \\$aISN01$bbibmp22.200404.2.aa
=TCO  \\$aCLA$bCLA$c008
=LAS  \\$aBATCH-UPD$b00$c20230731$lBLL01$h1344

