=LDR  02520 as a22006977a 4500
=001  011459770
=003  Uk
=005  20210422095554.0
=007  cr\|||||||||||
=008  020626d19912004enkmr2p\o\\\\\0\\\a0eng\\
=FMT  \\$a  SE
=022  0\$a1473-561X$202
=040  \\$aUk$cUk$dUk
=042  \\$aissnuk
=082  04$a615.7$223
=210  0\$aPharmacogenetics$b(Lond. Online)
=222  \0$aPharmacogenetics$b(London. Online)
=245  00$aPharmacogenetics$h[electronic resource].
=260  \\$aLondon :$bChapman and Hall
=260  3\$aLondon :$bLippincott Williams & Wilkins
=336  \\$atext$2rdacontent
=337  \\$acomputer$2rdamedia
=338  \\$aonline resource$2rdacarrier
=540  \\$aCurrent copyright fee: GBP32.00$c20\0$5Uk
=776  0\$tPharmacogenetics$x0960-314X
=785  00$tPharmacogenetics and genomics$x1744-6880
=856  \\$31850-9999$uhttp://journals.lww.com/pages/default.aspx$xBLDSS
=856  40$uhttp://journals.lww.com/jpharmacogenetics/
=945  \\$aPharmacogenetics -London-.
=979  \\$aBritish Library$bDSC$j6446.249000N
=CAT  \\$aCONV$b00$c20040425$lBLL90$h0850
=CAT  \\$aCONV$b00$c20040502$lBLL01$h1434
=CAT  \\$a8323$b40$c20050228$lBLL01$h1435
=CAT  \\$aglobal_upd$b40$c20060417$lBLL01$h1819
=CAT  \\$aBATCH$b00$c20091210$lBLL01$h0504
=CAT  \\$aBATCH$b00$c20091214$lBLL01$h0707
=CAT  \\$a11316$b40$c20150622$lBLL01$h1200
=CAT  \\$a11316$b40$c20150622$lBLL01$h1201
=CAT  \\$a11316$b40$c20150622$lBLL01$h1208
=CAT  \\$aBATCH-CLA$b00$c20150828$lBLL01$h1541
=CAT  \\$aIPL-CLA$c20150930$lBLL01$h1756
=CAT  \\$a5552$b40$c20160122$lBLL01$h1234
=CAT  \\$aBLDSS-3PM$b00$c20160201$lBLL01$h1812
=CAT  \\$aBATCH-UPD$b00$c20160217$lBLL01$h1711
=CAT  \\$aIPL-CLA$c20160331$lBLL01$h1715
=CAT  \\$aBATCH-UPD$b00$c20160413$lBLL01$h1813
=CAT  \\$aBATCH-UPD$b00$c20160524$lBLL01$h2155
=CAT  \\$aBATCH-UPD$b00$c20160524$lBLL01$h2240
=CAT  \\$a5552$b40$c20170309$lBLL01$h1435
=CAT  \\$a12654$b40$c20210422$lBLL01$h0944
=CAT  \\$a12654$b40$c20210422$lBLL01$h0955
=CFI  0\$aCurrent copyright fee: GBP32.00$c20\0$e01-apr-2016$fGBP32.00$g0$hP$5Uk
=CFI  2\$aPrevious copyright fee: GBP30.32$c20\0$e22-jan-2016$fGBP30.32$g0$hP$5Uk
=FFP  \\$aY$bBLDSS-3PM
=FIN  \\$aY
=LEO  \\$aMP22.0000066424
=SRC  \\$aISN01$bbibmp22.200404.2.aa
=TCO  \\$aCLA$bCLA$c008
=TOC  \\$aETOC
=UNO  \\$aY
=LAS  \\$a12654$b40$c20210422$lBLL01$h0955

