=LDR  02472 as a2200673ui 4500
=001  011482699
=003  Uk
=005  20210126144703.0
=007  cr||||||||||||
=008  031112c20039999enkbr\p\s\\\\\0\\\a0eng\\
=FMT  \\$a  SE
=022  0\$a1741-0452$202
=040  \\$aUk$cUk$dUk
=042  \\$aissnuk
=210  0\$aCommun. eng.$b(Online)
=222  \0$aCommunications engineer$b(Online)
=245  00$aCommunications engineer$h[electronic resource].
=260  \\$aStevenage :$bInstitution of Electrical Engineers.
=336  \\$atext$2rdacontent
=337  \\$acomputer$2rdamedia
=338  \\$aonline resource$2rdacarrier
=540  \\$aCurrent copyright fee: GBP0.00$c35\0$5Uk
=710  2\$aInstitution of Electrical Engineers.
=760  0\$tIEE professional magazines
=776  0\$tCommunications engineer$x1479-8352
=780  01$tElectronics & communication engineering journal$c(Online)$x2051-218X
=856  \\$31850-9999$uhttp://www.theiet.org/$xBLDSS
=856  40$uhttp://digital-library.theiet.org/content/journals/ce
=945  \\$aCommunications engineer -IEE-.
=979  \\$aBritish Library$bDSC$j3359.837000
=CAT  \\$aCONV$b00$c20040425$lBLL90$h0900
=CAT  \\$aCONV$b00$c20040502$lBLL01$h1434
=CAT  \\$a8456$b40$c20051101$lBLL01$h1141
=CAT  \\$a8456$b40$c20051101$lBLL01$h1142
=CAT  \\$a8456$b40$c20051101$lBLL01$h1147
=CAT  \\$a11316$b40$c20051230$lBLL01$h1444
=CAT  \\$aglobal_upd$b40$c20060417$lBLL01$h1820
=CAT  \\$a6550$b40$c20080611$lBLL01$h1547
=CAT  \\$a6550$b40$c20080611$lBLL01$h1552
=CAT  \\$a6550$b40$c20080611$lBLL01$h1557
=CAT  \\$a5552$b40$c20110228$lBLL01$h0916
=CAT  \\$a11316$b40$c20120912$lBLL01$h1439
=CAT  \\$aBATCH-UPD$b40$c20121105$lBLL01$h1134
=CAT  \\$aBLDSS-3PM$b00$c20150111$lBLL01$h1520
=CAT  \\$aBATCH-UPD$b00$c20160413$lBLL01$h1813
=CAT  \\$a5552$b40$c20161222$lBLL01$h1531
=CAT  \\$a11313$b40$c20170112$lBLL01$h1439
=CAT  \\$aBATCH-UPD$b40$c20210126$lBLL01$h1421
=CAT  \\$aIPL-CLA$c20210126$lBLL01$h1447
=CFI  0\$aCurrent copyright fee: GBP0.00$c35\0$e26-jan-2021$fGBP0.00$g0$hP$5Uk
=CFI  2\$aPrevious copyright fee: GBP15.00$c33\0$e28-feb-2011$fGBP15.00$g0$hP$5Uk
=FFP  \\$aY$bBLDSS-3PM
=FIN  \\$aY
=LEO  \\$aMP22.0000071167
=SRC  \\$aISN01$bbibmp22.200404.2.aa
=TCO  \\$aCLA$bCLA$c008
=TOC  \\$aETOC
=UNO  \\$aY
=LAS  \\$aIPL-CLA$b00$c20210126$lBLL01$h1447

