=LDR  02374 as a2200637ui 4500
=001  011482707
=003  Uk
=005  20210126144703.0
=007  cr||||||||||||
=008  031112d20032007enkbr\p\s\\\\\0\\\a0eng\\
=FMT  \\$a  SE
=022  0\$a1741-0479$202
=040  \\$aUk$cUk$dUk
=042  \\$aissnuk
=210  0\$aElectron. syst. softw.$b(Online)
=222  \0$aElectronics systems and software$b(Online)
=245  00$aElectronics systems and software$h[electronic resource].
=260  \\$aStevenage :$bInstitution of Electrical Engineers.
=336  \\$atext$2rdacontent
=337  \\$acomputer$2rdamedia
=338  \\$aonline resource$2rdacarrier
=540  \\$aCurrent copyright fee: GBP0.00$c35\0$5Uk
=710  2\$aInstitution of Electrical Engineers.
=760  0\$tIEE professional magazines
=776  0\$tElectronics systems and software$x1479-8336
=780  01$tElectronics & communication engineering journal$c(Online)$x2051-218X
=785  00$tElectronics$c(Stevenage. Online)$x1754-1786
=856  \\$31850-9999$uhttp://www.theiet.org/$xBLDSS
=856  40$uhttp://digital-library.theiet.org/content/journals/ess
=945  \\$aELECTRONICS SYSTEMS AND SOFTWARE
=979  \\$aBritish Library$bDSC$j3705.407000
=CAT  \\$aCONV$b00$c20040425$lBLL90$h0900
=CAT  \\$aCONV$b00$c20040502$lBLL01$h1434
=CAT  \\$a8323$b40$c20070629$lBLL01$h1415
=CAT  \\$a6550$b40$c20080611$lBLL01$h1617
=CAT  \\$aBATCH$b00$c20091210$lBLL01$h0505
=CAT  \\$aBATCH$b00$c20091214$lBLL01$h0709
=CAT  \\$a5552$b40$c20110303$lBLL01$h1321
=CAT  \\$a11316$b40$c20120912$lBLL01$h1441
=CAT  \\$aBATCH-UPD$b40$c20121105$lBLL01$h1134
=CAT  \\$aBLDSS-3PM$b00$c20150111$lBLL01$h1520
=CAT  \\$aBATCH-UPD$b00$c20160413$lBLL01$h1813
=CAT  \\$a6490$b40$c20170302$lBLL01$h1221
=CAT  \\$aISSN$b40$c20170314$lBLL01$h1717
=CAT  \\$aBATCH-UPD$b40$c20210126$lBLL01$h1421
=CAT  \\$aIPL-CLA$c20210126$lBLL01$h1447
=CFI  0\$aCurrent copyright fee: GBP0.00$c35\0$e26-jan-2021$fGBP0.00$g0$hP$5Uk
=CFI  2\$aPrevious copyright fee: GBP15.00$c33\0$e03-mar-2011$fGBP15.00$g0$hP$5Uk
=FFP  \\$aY$bBLDSS-3PM
=FIN  \\$aY
=LEO  \\$aMP22.0000071169
=SRC  \\$aISN01$bbibmp22.200404.2.aa
=TCO  \\$aCLA$bCLA$c008
=TOC  \\$aETOC
=UNO  \\$aY
=LAS  \\$aIPL-CLA$b00$c20210126$lBLL01$h1447

