=LDR  02168aas a2200625 a 4500
=001  012089401
=003  Uk
=005  20170601112248.0
=007  cr||||||||||||
=008  030203c20019999enkfr\p\s\\\\\1\\\a0eng\\
=022  0\$a1479-6848$202
=040  \\$aUk$cUk
=042  \\$aissnuk
=130  0\$aEndocrine abstracts (Online)
=210  0\$aEndocr. abstr.$b(Online)
=222  \0$aEndocrine abstracts$b(Online)
=245  10$aEndocrine abstracts$h[electronic resource].
=260  \\$aBristol :$bBioscientifica
=336  \\$atext$2rdacontent
=337  \\$acomputer$2rdamedia
=338  \\$aonline resource$2rdacarrier
=540  \\$aCurrent Copyright Fee: GBP6.50$c101\0$5Uk
=776  0\$tEndocrine abstracts$x1470-3947
=776  0\$tEndocrine abstracts (CD-ROM)$x2046-0368
=856  \\$31850-9999$uhttp://www.bioscientifica.com/$xBLDSS
=856  40$uhttp://www.endocrine-abstracts.org/
=945  \\$aEndocrine abstracts.
=979  \\$aBritish Library$bDSC$j3740.445000N
=CAT  \\$aCONV$b00$c20040425$lBLL90$h0850
=CAT  \\$aCONV$b00$c20040502$lBLL01$h1456
=CAT  \\$aglobal_upd$b40$c20060417$lBLL01$h1841
=CAT  \\$aBATCH$b00$c20091210$lBLL01$h0648
=CAT  \\$a11315$b40$c20120718$lBLL01$h1346
=CAT  \\$a11315$b40$c20120718$lBLL01$h1356
=CAT  \\$a11315$b40$c20120718$lBLL01$h1357
=CAT  \\$a11315$b40$c20120718$lBLL01$h1401
=CAT  \\$a11315$b40$c20120718$lBLL01$h1403
=CAT  \\$a5552$b40$c20131206$lBLL01$h1320
=CAT  \\$a5552$b40$c20131206$lBLL01$h1338
=CAT  \\$a8874$b40$c20140723$lBLL01$h1015
=CAT  \\$aBLDSS-3PM$b00$c20150131$lBLL01$h2312
=CAT  \\$a3072$b40$c20150910$lBLL01$h1120
=CAT  \\$aBATCH-UPD$b40$c20160413$lBLL01$h1814
=CAT  \\$a5552$b40$c20170524$lBLL01$h0858
=CAT  \\$a5410$b40$c20170601$lBLL01$h1122
=CFI  0\$aCurrent Copyright Fee: GBP6.50$c101\0$e06-dec-2013$fGBP6.50$g0$hP$5Uk
=FFP  \\$aY$bBLDSS-3PM
=FIN  \\$aY
=FMT  \\$a  SE
=LAS  \\$a5410$b40$c20170601$lBLL01$h1122
=LEO  \\$aMP22.0000070510
=LET  \0$aEndocrine abstracts (Online)
=SRC  \\$aISN01$bbibmp22.200404.2.aa
=TCO  \\$aCLA$bCLA$c008
=UNO  \\$aY

