=LDR  01458 as a22004697a 4500
=001  013793508
=003  Uk
=005  20210324101157.0
=006  m\\\\\\\\d\|\\\\\\
=007  cr||||||||||||
=008  070716c20079999enk\x\\\s\\\\\0\\\a0eng\\
=022  0\$a1755-3180$202
=040  \\$aUk$beng$cUk
=042  \\$aissnuk
=082  04$a509.54$223
=210  0\$aNat. India
=222  \0$aNature India
=245  00$aNature India$h[electronic resource].
=260  \\$aLondon :$bNature Publishing Group
=336  \\$atext$2rdacontent
=337  \\$acomputer$2rdamedia
=338  \\$aonline resource$2rdacarrier
=540  \\$aCurrent copyright fee: zero$c16\0$5Uk
=856  \\$31850-9999$uhttp://www.nature.com/$xBLDSS
=856  4\$uhttp://www.nature.com/nindia/index.html
=945  \\$aNature India
=979  \\$aBritish Library$bDSC$j6046.637000N
=CAT  \\$a11313$b40$c20070716$lBLL01$h1148
=CAT  \\$a6537$b40$c20070809$lBLL01$h1026
=CAT  \\$a6537$b40$c20080301$lBLL01$h1122
=CAT  \\$a5552$b40$c20210315$lBLL01$h0806
=CAT  \\$a5410$b40$c20210323$lBLL01$h1055
=CAT  \\$aBLDSS-3PM$b00$c20210324$lBLL01$h1011
=CAT  \\$aBATCH-UPD$b00$c20210324$lBLL01$h1013
=CFI  0\$aCurrent copyright fee: zero$c16\0$e02-feb-2021$fGBP0.00$g0$hP$5Uk
=FFP  \\$aY$bBLDSS-3PM
=FIN  \\$aY$d20080301
=FMT  \\$a  SE
=LAS  \\$aBATCH-UPD$b00$c20210324$lBLL01$h1013
=TCO  \\$aCLA$bCLA$c008
=TOC  \\$aETOC
=UNO  \\$aY

