=LDR  03965 as a2200997 a 4500
=001  008525966
=003  Uk
=005  20161220140309.0
=006  m\\\\\o\\d\\\\\\\\
=007  cr\un|||||||||
=008  070314d19952006sz\fr\mso\\\\\0\\\b0fre\c
=FMT  \\$a  SE
=010  \\$a  2013242117
=019  c\$a2583539
=022  0\$a2211-8527$y1420-2018
=035  \\$a(OCoLC)85852874
=040  \\$aOCLCS$beng$cOCLCS$dOCLCS$dEEM$dOCLCQ$dMYG$dOCLCF$dMYG$dUk
=041  0\$afre$aeng
=042  \\$aukblsr
=082  04$a207.2$223
=222  \0$aLe Fait missionnaire$b(Online)
=245  03$aLe fait missionnaire$h[electronic resource].
=246  13$aLFM$fOct. 2003-2006
=260  \\$aLausanne, Suisse :$bLe Fait missionnaire,$cc1995-2006.
=300  \\$a19 volumes
=310  \\$aTwice a year,$bJuly 2004-2006
=321  \\$aIrregular,$b1995-2003
=336  \\$atext$btxt$2rdacontent
=337  \\$acomputer$bc$2rdamedia
=338  \\$aonline resource$bcr$2rdacarrier
=362  1\$aBegan with: Cahier no 1.
=362  1\$aCeased with: Volume 19, issue 1 (2006).
=595  \\$aSEE ALSO CARD INDEX.
=540  \\$aCurrent copyright fee: GBP22.00$c74\0$5Uk
=500  \\$a"Histoire et héritages, approche pluridisciplinaire," 1995-2002; "Missions et sciences sociales = Social sciences & missions," 2003-2006.
=515  \\$aWord "cahier" dropped from designation beginning with no. 13 (Oct. 2003).
=530  \\$aAlso issued in print.
=546  \\$aFrench and English.
=588  \\$aDescription based on: Volume 9, issue 1 (2000); title from journal home page (Brill, viewed May 24, 2013).
=588  \\$aLatest issue consulted: Volume 19, issue 1 (2006) (Brill, viewed May 24, 2013).
=650  \0$aMissions.
=650  \0$aChristianity and the social sciences.
=650  \0$aChurch and state.
=776  08$iPrint version:$tFait missionnaire$x1420-2018
=785  00$tSocial sciences and missions$x1874-8945
=856  \\$31850-9999$uhttp://www.brill.com/$xBLDSS
=856  40$uhttp://booksandjournals.brillonline.com/content/22118527
=856  40$uhttp://rzblx1.uni-regensburg.de/ezeit/warpto.phtml?colors=7&jour%5Fid=52585
=945  \\$aFAIT MISSIONAIRE.
=963  \\$aNO. 4, 1997 *A=1$bN$cL999.C.3.1500
=979  \\$aBritish Library$bDSC$j3865.509060N$xNot selected
=985  \\$aCorrected by BSS-generated file for WR# 10/166
=A02  \\$a2583539
=CAT  \\$aCONV$b00$c20040425$lBLL90$h0703
=CAT  \\$aCONV$b00$c20040502$lBLL01$h1255
=CAT  \\$aaqnfix$b00$c20040626$lBLL01$h1307
=CAT  \\$c20041008$lBLL01$h0027
=CAT  \\$a5997$b40$c20080724$lBLL01$h1043
=CAT  \\$aWR-09059$b40$c20090927$lBLL01$h1640
=CAT  \\$aBATCH$b00$c20091209$lBLL01$h0210
=CAT  \\$aBLSS-CORR$b00$c20101119$lBLL01$h1716
=CAT  \\$aBATCH-UPD$b00$c20101201$lBLL01$h1216
=CAT  \\$aIPL-CLA$c20101231$lBLL01$h1223
=CAT  \\$aWR11_203$c20111204$lBLL01$h1311
=CAT  \\$aIPL-CLA$c20111230$lBLL01$h1726
=CAT  \\$aBATCH-CLA$b00$c20121104$lBLL01$h1032
=CAT  \\$a8439$b40$c20121105$lBLL01$h1054
=CAT  \\$aBATCH-CLA$b00$c20121105$lBLL01$h1754
=CAT  \\$aWR13.005$c20130323$lBLL01$h1322
=CAT  \\$a8201$b40$c20140925$lBLL01$h1451
=CAT  \\$aBLDSS-3PM$b00$c20150131$lBLL01$h2311
=CAT  \\$aBATCH-UPD$b00$c20160413$lBLL01$h1804
=CAT  \\$aBATCH-UPD$b00$c20160524$lBLL01$h2259
=CAT  \\$aBATCH-UPD$b00$c20160525$lBLL01$h0648
=CAT  \\$a5410$b40$c20161220$lBLL01$h1403
=CFI  0\$aCurrent copyright fee: GBP22.00$c74\0$e05-nov-2012$fGBP22.00$g0$hP$5Uk
=CFI  2\$aPrevious copyright fee: GBP12.00$c0$e01-jan-2012$fGBP12.00$g0$hA$5Uk
=FFP  \\$aY$bBLDSS-3PM
=FIN  \\$aY
=LEO  \\$aMP10.0000224734
=SID  \\$aZ39$bOCLC
=SRC  \\$aDSS01$bbibmp10.200404.2.aa
=TCO  \\$aCHE$bPRO LITTERIS$c008
=UNO  \\$aY
=ACF  \\$aPrevious copyright fee: GBP10.50$c0$e01-jan-2011$fGBP10.50$g0$hA$5Uk
=LAS  \\$a5410$b40$c20161220$lBLL01$h1403

