=LDR  04932cas a22010813  4500
=001  005415083
=003  Uk
=005  20220930142226.0
=006  m\\\\\|\\d\|\\\\\\
=007  cr\|||||||||||
=008  040409c19999999ii\fr\p\o\\\\\0\\\a0eng\\
=FMT  \\$a  SE
=019  c\$a3001548
=022  0\$a0974-4517$l0972-0979
=040  \\$aUk$cUk$dUk
=082  04$a570.72$223
=210  0\$aAppl. biol. res.$b(Online)
=222  \0$aApplied biological research$b(Online)
=245  00$aApplied biological research.
=260  \\$aSrinagar :$bCentre for Advanced of Applied Sciences
=310  \\$aSemiannual
=336  \\$atext$2rdacontent
=337  \\$acomputer$2rdamedia
=338  \\$aonline resource$2rdacarrier
=362  1\$aBegan in 1999
=595  \\$aSEE CARD INDEX.
=540  \\$aCurrent copyright fee: GBP23.75$c90\0$5Uk
=650  \0$aBiology$xResearch$vPeriodicals.
=776  08$iAlso issued in print as:$tApplied biological research (Print)$x0972-0979
=856  \\$31850-9999$uhttp://www.indianjournals.com/ijor.aspx$xBLDSS
=856  40$uhttp://www.indianjournals.com/ijor.aspx?target=ijor:abr&type=home
=945  \\$aAPPLIED BIOLOGICAL RESEARCH.
=979  \\$aBritish Library$bDSC$j1571.904000N
=A02  \\$a3001548
=CAT  \\$aCONV$b00$c20040502$lBLL01$h1100
=CAT  \\$aBATCH-UPD$b00$c20160824$lBLL01$h1940
=CAT  \\$aBATCH-UPD$b00$c20160825$lBLL01$h0139
=CAT  \\$aIPL-CLA$c20160930$lBLL01$h1502
=CAT  \\$aBATCH-UPD$b00$c20170216$lBLL01$h2035
=CAT  \\$aIPL-CLA$c20170331$lBLL01$h1750
=CAT  \\$aBATCH-UPD$b00$c20170904$lBLL01$h2104
=CAT  \\$aIPL-CLA$c20170929$lBLL01$h1630
=CAT  \\$aBATCH-UPD$b00$c20180223$lBLL01$h2003
=CAT  \\$aIPL-CLA$c20180331$lBLL01$h1518
=CAT  \\$aBATCH-UPD$b00$c20180823$lBLL01$h2014
=CAT  \\$aIPL-CLA$c20180930$lBLL01$h1430
=CAT  \\$aBATCH-UPD$b00$c20190829$lBLL01$h1620
=CAT  \\$aIPL-CLA$c20190930$lBLL01$h1609
=CAT  \\$aBATCH-UPD$b00$c20200219$lBLL01$h1620
=CAT  \\$aIPL-CLA$c20200331$lBLL01$h1543
=CAT  \\$aBATCH-UPD$b00$c20200522$lBLL01$h1545
=CAT  \\$aIPL-CLA$c20200701$lBLL01$h0022
=CAT  \\$aBATCH-UPD$b00$c20210226$lBLL01$h1126
=CAT  \\$aIPL-CLA$c20210331$lBLL01$h1654
=CAT  \\$aBATCH-UPD$b00$c20210707$lBLL01$h1650
=CAT  \\$aIPL-CLA$c20210707$lBLL01$h1841
=CAT  \\$aBATCH-UPD$b00$c20220520$lBLL01$h1735
=CAT  \\$aIPL-CLA$c20220630$lBLL01$h1532
=CAT  \\$aBATCH-UPD$b00$c20220824$lBLL01$h0952
=CAT  \\$aIPL-CLA$c20220930$lBLL01$h1422
=CFI  0\$aCurrent copyright fee: GBP23.75$c90\0$e01-oct-2022$fGBP23.75$g0$hP$5Uk
=CFI  2\$aPrevious copyright fee: GBP22.80$c90\0$e01-jul-2022$fGBP22.80$g0$hP$5Uk
=FFP  \\$aY$bBLDSS-3PM
=FIN  \\$aY
=LEO  \\$aMP10.0000070017
=SRC  \\$aDSS01$bbibmp10.200404.2.aa
=TCO  \\$aXXX$c008
=TOC  \\$aETOC
=UNO  \\$aY
=ACF  \\$aPrevious copyright fee: GBP9.00$c0$e01-apr-2010$fGBP9.00$g0$hA$5Uk
=ACF  \\$aPrevious copyright fee: GBP6.00$c0$e01-apr-2008$fGBP6.00$g0$hA$5Uk
=ACF  \\$aPrevious copyright fee: GBP5.00$c0$e01-oct-2002$fGBP5.00$g0$hA$5Uk
=ACF  \\$aPrevious copyright fee: GBP17.50$c90\0$e21-may-2013$fGBP17.50$g0$hP$5Uk
=ACF  \\$aBritish Library not licensed to copy$c0$e07-sep-2011$hC$iTX$5Uk
=ACF  \\$aPrevious copyright fee: GBP10.50$c0$e01-jan-2011$fGBP10.50$g0$hA$5Uk
=ACF  \\$aPrevious copyright fee: GBP18.06$c90\0$e23-oct-2013$fGBP18.06$g0$hP$5Uk
=ACF  \\$aPrevious copyright fee: GBP17.50$c90\0$e01-jan-2014$fGBP17.50$g0$hP$5Uk
=ACF  \\$aPrevious copyright fee: GBP16.97$c90\0$e01-jul-2014$fGBP16.97$g0$hP$5Uk
=ACF  \\$aPrevious copyright fee: GBP18.06$c90\0$e01-apr-2015$fGBP18.06$g0$hP$5Uk
=ACF  \\$aPrevious copyright fee: GBP18.67$c90\0$e01-jul-2015$fGBP18.67$g0$hP$5Uk
=ACF  \\$aPrevious copyright fee: GBP18.39$c90\0$e01-oct-2015$fGBP18.39$g0$hP$5Uk
=ACF  \\$aPrevious copyright fee: GBP19.66$c90\0$e01-apr-2016$fGBP19.66$g0$hP$5Uk
=ACF  \\$aPrevious copyright fee: GBP21.11$c90\0$e01-oct-2016$fGBP21.11$g0$hP$5Uk
=ACF  \\$aPrevious copyright fee: GBP22.80$c90\0$e01-apr-2017$fGBP22.80$g0$hP$5Uk
=ACF  \\$aPrevious copyright fee: GBP21.92$c90\0$e01-oct-2017$fGBP21.92$g0$hP$5Uk
=ACF  \\$aPrevious copyright fee: GBP20.36$c90\0$e01-apr-2018$fGBP20.36$g0$hP$5Uk
=ACF  \\$aPrevious copyright fee: GBP21.92$c90\0$e01-oct-2018$fGBP21.92$g0$hP$5Uk
=ACF  \\$aPrevious copyright fee: GBP22.80$c90\0$e01-oct-2019$fGBP22.80$g0$hP$5Uk
=ACF  \\$aPrevious copyright fee: GBP21.92$c90\0$e01-apr-2020$fGBP21.92$g0$hP$5Uk
=ACF  \\$aPrevious copyright fee: GBP22.80$c90\0$e01-jul-2020$fGBP22.80$g0$hP$5Uk
=ACF  \\$aPrevious copyright fee: GBP21.11$c90\0$e01-apr-2021$fGBP21.11$g0$hP$5Uk
=ACF  \\$aPrevious copyright fee: GBP20.36$c90\0$e07-jul-2021$fGBP20.36$g0$hP$5Uk
=LAS  \\$aIPL-CLA$b00$c20220930$lBLL01$h1422

