=LDR  04168cas a2201069 a 4500
=001  005417646
=003  Uk
=005  20211231153429.0
=007  ta
=008  960403c19969999maubr\p\\\\\\\0\\\a0eng\c
=FMT  \\$a  SE
=010  \\$asn 96005155 
=019  c\$a2556830
=022  0\$a1088-0712
=035  \\$a(OCoLC)34505859$z(OCoLC)46390891
=040  \\$aNSD$beng$cNSD$dNLM$dNSD$dDNB$dCUS$dDLC$dOCLCQ$dOCLCF$dUk
=042  \\$ansdp$apcc
=050  10$aISSN RECORD
=082  10$a616$212
=210  0\$aAsthma$b(Newton Mass.)
=222  \0$aAsthma$b(Newton, Mass.)
=245  00$aAsthma :$bstrategies for taking control.
=246  1\$iVols. for <Sept./Oct. 1999-> have title:$aAsthma magazine
=260  \\$aNewton, MA :$bLifeLong Publications,$cc1996-
=300  \\$av. :$bill. ;$c28 cm.
=310  \\$aBimonthly
=336  \\$atext$2rdacontent
=337  \\$aunmediated$2rdamedia
=338  \\$avolume$2rdacarrier
=362  0\$aVol. 1, no. 1 (July/Aug. 1996)-
=595  \\$aSEE CARD INDEX.
=500  \\$aTitle from cover.
=530  \\$aAlso issued online.
=588  \\$aLatest issue consulted: Vol. 7, no. 6 (Nov./Dec. 2002).
=540  \\$aCurrent copyright fee: GBP34.30$c5\1$5Uk
=650  \0$aAsthma$vPeriodicals.
=650  \2$aAsthma$vPeriodicals.
=650  \2$aHypersensitivity$vPeriodicals.
=650  \2$aAsthma$vPopular Works.
=650  \2$aHypersensitivity$vPopular Works.
=650  \7$aAsthma.$2fast
=655  \7$aPeriodicals.$2fast
=776  1\$tAsthma (Newton, Mass. : Online)$x1558-1543
=856  \\$31850-9999$uhttp://www.elsevier.com/journals$xBLDSS
=856  41$uhttp://www.sciencedirect.com/science/journal/10880712
=945  \\$aASTHMA -NEWTON-.
=979  \\$aBritish Library$bDSC$j1747.047200N
=A02  \\$a2556830
=CAT  \\$aCONV$b00$c20040502$lBLL01$h1100
=CAT  \\$aBLSS-CORR$b00$c20101119$lBLL01$h1709
=CAT  \\$aWR11_155$c20111021$lBLL01$h1330
=CAT  \\$aWR11_155$c20111114$lBLL01$h1647
=CAT  \\$aBATCH-UPD$b00$c20111123$lBLL01$h1849
=CAT  \\$aIPL-CLA$c20111230$lBLL01$h1624
=CAT  \\$aWR12-140$c20121031$lBLL01$h1706
=CAT  \\$aBATCH-CLA$b00$c20121102$lBLL01$h1755
=CAT  \\$aBATCH-UPD$b00$c20121121$lBLL01$h1652
=CAT  \\$aIPL-CLA$c20121231$lBLL01$h1235
=CAT  \\$aIPL-CLA$c20130102$lBLL01$h1629
=CAT  \\$aWR13.005$c20130323$lBLL01$h1527
=CAT  \\$aBATCH-CLA$b00$c20140125$lBLL01$h1315
=CAT  \\$aBATCH-CLA$c20140225$lBLL01$h2240
=CAT  \\$a10969$b40$c20140228$lBLL01$h1119
=CAT  \\$a6550$b40$c20140904$lBLL01$h1200
=CAT  \\$aBLDSS-3PM$b00$c20141222$lBLL01$h1700
=CAT  \\$a8874$b40$c20150219$lBLL01$h0830
=CAT  \\$aBATCH-UPD$b40$c20160413$lBLL01$h1758
=CAT  \\$aBATCH-UPD$b40$c20171121$lBLL01$h1721
=CAT  \\$aBATCH-UPD$b40$c20171121$lBLL01$h1935
=CAT  \\$aIPL-CLA$c20171231$lBLL01$h1100
=CAT  \\$aBATCH-UPD$b00$c20190521$lBLL01$h1416
=CAT  \\$aIPL-CLA$c20190630$lBLL01$h1510
=CAT  \\$aBATCH-UPD$b00$c20211119$lBLL01$h1534
=CAT  \\$aIPL-CLA$c20211231$lBLL01$h1534
=CFI  0\$aCurrent copyright fee: GBP34.30$c5\1$e01-jan-2022$fGBP34.30$g0$hP$5Uk
=CFI  2\$aPrevious copyright fee: GBP32.84$c5\1$e01-jul-2019$fGBP32.84$g0$hP$5Uk
=FFP  \\$aY$bBLDSS-3PM
=FIN  \\$aY
=LEO  \\$aMP10.0000079964
=SID  \\$aZ39$bOCLC
=SRC  \\$aDSS01$bbibmp10.200404.2.aa
=TCO  \\$aTRS$bCCC$c008
=TOC  \\$aETOC
=ACF  \\$aPrevious copyright fee: GBP19.00$c5\9$e01-jan-2008$fGBP19.00$g0$hP$5Uk
=ACF  \\$aPrevious copyright fee: GBP18.00$c5\9$e01-apr-2004$fGBP18.00$g0$hP$5Uk
=ACF  \\$aCurrent copyright fee: GBP20.00$c5\9$e28-may-2003$fGBP20.00$g0$hP$5Uk
=ACF  \\$aCurrent copyright fee: GBP5.00$c0$e01-oct-2002$fGBP5.00$g0$hC$5Uk
=ACF  \\$aPrevious copyright fee: GBP20.00$c5\1$e01-jan-2009$fGBP20.00$g0$hP$5Uk
=ACF  \\$aPrevious copyright fee: GBP21.00$c5\1$e01-jan-2012$fGBP21.00$g0$hP$5Uk
=ACF  \\$aPrevious copyright fee: GBP22.50$c5\1$e01-jan-2013$fGBP22.50$g0$hP$5Uk
=ACF  \\$aPrevious copyright fee: GBP23.40$c5\1$e01-jan-2018$fGBP23.40$g0$hP$5Uk
=LAS  \\$aIPL-CLA$b00$c20211231$lBLL01$h1534

