=LDR  03831 as a2200997 a 4500
=001  005419445
=003  Uk
=005  20150317124933.0
=006  m\\\\\o\\d\\\\\\\\
=007  cr||||||||||||
=008  050614c20019999ne\ar\\so\g\\\0\\\a0eng\c
=FMT  \\$a  SE
=010  \\$a  2013242104
=019  c\$a3000246
=022  \\$a2211-5897$y1569-6456
=035  \\$a(OCoLC)ocm60617432
=040  \\$aOCoLC$cOCoLC$dNNStJ-L$dMiU-L$dOCoLC$dMCM$dUk
=042  \\$aukblsr
=043  \\$aeb-----
=050  00$aKZ21$b.B35
=050  \4$aK2$b.A459
=082  04$a341$223
=130  0\$aBaltic yearbook of international law (Online)
=222  \0$aBaltic yearbook of international law online
=245  10$aBaltic yearbook of international law$h[electronic resource].
=260  \\$aThe Hague :$bKluwer Law International,$cc2002-
=260  3\$3<2003->:$aLeiden ;$aBoston:$bMartinus Nijhoff
=300  \\$av. ;$c25 cm.
=310  \\$aAnnual
=336  \\$atext$2rdacontent
=337  \\$acomputer$2rdamedia
=338  \\$aonline resource$2rdacarrier
=362  0\$aVol. 1 (2001)-
=595  \\$aSEE ALSO CARD INDEX.
=540  \\$aCurrent copyright fee: GBP22.00$c74\0$5Uk
=538  \\$aMode of access: World Wide Web.
=588  \\$aDescription based on: Vol. 1, issue 1 (2001); title from journal home page (Brill Online, viewed Feb. 19, 2013).
=588  \\$aLatest issue consulted: Vol. 11, issue 1 (2011).
=650  \0$aInternational law$vPeriodicals.
=650  \0$aInternational law$zBaltic States$vPeriodicals.
=776  08$iAlso issued in print:$tBaltic yearbook of international law$x1569-6456
=856  \\$31850-9999$uhttp://www.brill.com/$xBLDSS
=856  40$uhttp://www.brill.nl/m%5Fcatalogue%5Fsub6%5Fid18745.htm
=856  40$uhttp://www.heinonline.org/HOL/Index?index=intyb/byrbkinl&collection=intyb
=945  \\$aBALTIC YEARBOOK OF INTERNATIONAL LAW.
=979  \\$aBritish Library$bDSC$j1861.336000N
=985  \\$aCorrected by MS generated file for WR# 12.018
=A02  \\$a3000246
=CAT  \\$aCONV$b00$c20040502$lBLL01$h1100
=CAT  \\$aBATCH$b00$c20091205$lBLL01$h2340
=CAT  \\$aBATCH-UPD$b00$c20100225$lBLL01$h2232
=CAT  \\$aBATCH-UPD$b00$c20100331$lBLL01$h2022
=CAT  \\$aBATCH-UPD$b00$c20100401$lBLL01$h0000
=CAT  \\$aBATCH$b00$c20100401$lBLL01$h0315
=CAT  \\$aBATCH$b00$c20100401$lBLL01$h1310
=CAT  \\$aBATCH-UPD$b00$c20101124$lBLL01$h1704
=CAT  \\$aBATCH-UPD$b00$c20101125$lBLL01$h0926
=CAT  \\$aIPL-CLA$c20101231$lBLL01$h1119
=CAT  \\$aWR11_203$c20111204$lBLL01$h1226
=CAT  \\$aIPL-CLA$c20111230$lBLL01$h1625
=CAT  \\$aBLSS-CORR$b00$c20120724$lBLL01$h1754
=CAT  \\$aWR12-140$c20121031$lBLL01$h1706
=CAT  \\$aBATCH-CLA$b00$c20121102$lBLL01$h1755
=CAT  \\$a8439$b40$c20121106$lBLL01$h1335
=CAT  \\$a8439$b40$c20121106$lBLL01$h1336
=CAT  \\$a8439$b40$c20121106$lBLL01$h1337
=CAT  \\$aBATCH-CLA$b00$c20121107$lBLL01$h1921
=CAT  \\$aWR13.005$c20130323$lBLL01$h1528
=CAT  \\$a8201$b40$c20140925$lBLL01$h1415
=CAT  \\$aBLDSS-3PM$b00$c20150131$lBLL01$h2308
=CAT  \\$a8874$b40$c20150317$lBLL01$h1249
=CAT  \\$aBATCH-UPD$b40$c20160413$lBLL01$h1759
=CAT  \\$aBATCH-UPD$b40$c20160524$lBLL01$h2258
=CAT  \\$aBATCH-UPD$b40$c20160525$lBLL01$h0644
=CFI  0\$aCurrent copyright fee: GBP22.00$c74\0$e06-nov-2012$fGBP22.00$g0$hP$5Uk
=CFI  2\$aPrevious copyright fee: GBP12.00$c0$e01-jan-2012$fGBP12.00$g0$hA$5Uk
=FFP  \\$aY$bBLDSS-3PM
=FIN  \\$aY
=LEO  \\$aMP10.0000087189
=SID  \\$aZ39$bLOC
=SRC  \\$aDSS01$bbibmp10.200404.2.aa
=TCO  \\$aCLA$bCLA$c008
=TOC  \\$aETOC
=UNO  \\$aY
=ACF  \\$aPrevious copyright fee: GBP10.50$c0$e01-jan-2011$fGBP10.50$g0$hA$5Uk
=LAS  \\$aBATCH-UPD$b40$c20160525$lBLL01$h0644

