=LDR  06419cas a2201393 a 4500
=001  005422682
=003  Uk
=005  20230511162530.0
=006  m\\\\\\\\d\\\\\\\\
=007  cr\cn|||||||||
=008  020108d20012007enkuu\pso\\\\\0\\\\0eng\c
=FMT  \\$a  SE
=010  \\$a2002243111
=016  7\$a100967798$2DNLM
=016  7\$a2059867-1$2DE-600
=019  c\$a2605276
=022  0\$a1471-2385
=030  \\$aBNMMBV
=035  \\$a(OCoLC)48748172$z(OCoLC)315917691
=040  \\$aFQM$beng$cFQM$dOCLCQ$dNLM$dCUS$dCAS$dWAU$dOCLCQ$dCUS$dNLM$dOCLCQ$dHEBIS$dUk
=042  \\$aissnuk$aukblsr
=060  10$aW1
=210  0\$aBMC nucl. med.$b(Online)
=222  \0$aBMC nuclear medicine$b(Online)
=245  00$aBMC nuclear medicine$h[electronic resource].
=246  3\$aBioMed Central nuclear medicine
=246  30$aNuclear medicine
=260  \\$aLondon :$bBioMed Central,$c[2001-
=336  \\$atext$2rdacontent
=337  \\$acomputer$2rdamedia
=338  \\$aonline resource$2rdacarrier
=362  0\$aVol. 1 (2001)-
=362  1\$aCeased with 7:5 (Nov. 2, 2007).
=500  \\$aTitle from BioMed Central archive volume screen (viewed Feb. 20, 2002).
=588  \\$aFinal issue consulted (BioMed Central website, viewed Oct. 2, 2012).
=510  0\$aChemical abstracts,$x0009-2258
=515  \\$aArticles are added consecutively to the current annual v.
=538  \\$aMode of access: World Wide Web.
=540  \\$aCurrent Copyright Fee: zero$c22\1$5Uk
=650  \0$aNuclear medicine$vPeriodicals.
=650  12$aNuclear Medicine$vPeriodicals.
=785  00$tBMC medical physics$x1756-6649
=856  \\$31850-9999$uhttp://link.springer.com/$xBLDSS
=856  40$uhttp://bibpurl.oclc.org/web/11113
=856  40$uhttp://bibpurl.oclc.org/web/183
=856  40$uhttp://www.biomedcentral.com/bmcnuclmed/
=856  40$uhttp://www.ncbi.nlm.nih.gov/pmc/journals/50/#bmcnm
=856  40$uhttp://www.pubmedcentral.nih.gov/tocrender.fcgi?journal=50
=945  \\$aBMC NUCLEAR MEDICINE -ELECTRONIC EDITION-.
=979  \\$aBritish Library$bDSC$j2116.051050N
=985  \\$aCorrected by BSS-generated file for WR# 10/166
=A02  \\$a2605276
=CAT  \\$aCONV$b00$c20040502$lBLL01$h1100
=CAT  \\$aBATCH-CLA$b00$c20100831$lBLL01$h1543
=CAT  \\$aIPL-CLA$c20100930$lBLL01$h1439
=CAT  \\$aBATCH-CLA$b00$c20101115$lBLL01$h1615
=CAT  \\$aBLSS-CORR$b00$c20101119$lBLL01$h1709
=CAT  \\$aIPL-CLA$c20101231$lBLL01$h1119
=CAT  \\$aBATCH-CLA$b00$c20110228$lBLL01$h1547
=CAT  \\$aIPL-CLA$c20110331$lBLL01$h1419
=CAT  \\$aBATCH-CLA$b00$c20110531$lBLL01$h1644
=CAT  \\$aIPL-CLA$c20110630$lBLL01$h1501
=CAT  \\$aBATCH-CLA$b00$c20110831$lBLL01$h1809
=CAT  \\$aIPL-CLA$c20110930$lBLL01$h1458
=CAT  \\$a8483$b40$c20121002$lBLL01$h1226
=CAT  \\$a8483$b40$c20121002$lBLL01$h1317
=CAT  \\$a7332$b40$c20121002$lBLL01$h1323
=CAT  \\$aBATCH-CLA$b00$c20121102$lBLL01$h1754
=CAT  \\$aWR12_168$c20121206$lBLL01$h1806
=CAT  \\$aWR13.005$c20130323$lBLL01$h1529
=CAT  \\$aBATCH-CLA$b00$c20131129$lBLL01$h1646
=CAT  \\$aIPL-CLA$c20131231$lBLL01$h1603
=CAT  \\$aW1711-1225$c20171203$lBLL01$h1011
=CAT  \\$a5552$b40$c20181206$lBLL01$h1446
=CAT  \\$aBATCH-UPD$b40$c20181212$lBLL01$h0020
=CAT  \\$aBLDSS-3PM$b00$c20181218$lBLL01$h1720
=CAT  \\$aBATCH-UPD$b00$c20181218$lBLL01$h1720
=CAT  \\$a8874$b40$c20181219$lBLL01$h0819
=CAT  \\$aBATCH-FIX$c20230511$lBLL01$h1625
=CFI  0\$aCurrent Copyright Fee: zero$c22\1$e06-dec-2018$fGBP0.00$g0$hP$5Uk
=CFI  2\$aPrevious Copyright Fee: GBP29.95$c0$e01-jan-2014$fGBP29.95$g0$hC$5Uk
=FFP  \\$aY$bBLDSS-3PM
=FIN  \\$aY
=LEO  \\$aMP22.0000064691
=LEO  \\$aMP10.0000102503
=SID  \\$aZ39$bOCLC
=SRC  \\$aISN01$bbibmp22.200404.2.aa
=SRC  \\$aDSS01$bbibmp10.200404.2.aa
=TCO  \\$aCLA$bCLA$c008
=UNO  \\$aY
=ACF  \\$aPrevious Copyright Fee: GBP0.00$c0$e01-oct-2011$fGBP0.00$g0$hC$5Uk
=ACF  \\$aPrevious Copyright Fee: GBP0.00$c0$e01-apr-2011$fGBP0.00$g0$hC$5Uk
=ACF  \\$aPrevious Copyright Fee: GBP0.00$c0$e01-jan-2011$fGBP0.00$g0$hC$5Uk
=ACF  \\$aPrevious Copyright Fee: GBP0.00$c0$e01-oct-2010$fGBP0.00$g0$hC$5Uk
=ACF  \\$aPrevious Copyright Fee: GBP0.00$c0$e01-jul-2010$fGBP0.00$g0$hC$5Uk
=ACF  \\$aPrevious Copyright Fee: GBP0.00$c0$e01-apr-2010$fGBP0.00$g0$hC$5Uk
=ACF  \\$aPrevious Copyright Fee: GBP0.00$c0$e01-Jan-2010$fGBP0.00$g0$hC$5Uk
=ACF  \\$aPrevious Copyright Fee: GBP0.00$c0$e01-oct-2009$fGBP0.00$g0$hC$5Uk
=ACF  \\$aPrevious Copyright Fee: GBP0.00$c0$e01-jul-2009$fGBP0.00$g0$hC$5Uk
=ACF  \\$aPrevious Copyright Fee: GBP0.00$c0$e01-apr-2009$fGBP0.00$g0$hC$5Uk
=ACF  \\$aPrevious Copyright Fee: GBP0.00$c0$e01-jan-2009$fGBP0.00$g0$hC$5Uk
=ACF  \\$aBritish Library not licensed to copy$c0$e01-oct-2008$hC$iCLA Excluded$5Uk
=ACF  \\$aBritish Library not licensed to copy$c0$e01-jul-2008$hC$iCLA Excluded$5Uk
=ACF  \\$aBritish Library not licensed to copy$c0$e01-apr-2008$hC$iCLA Excluded$5Uk
=ACF  \\$aBritish Library not licensed to copy$c0$e01-jan-2008$hC$iCLA Excluded$5Uk
=ACF  \\$aBritish Library not licensed to copy$c0$e01-oct-2007$hC$iCLA Excluded$5Uk
=ACF  \\$aBritish Library not licensed to copy$c0$e01-jul-2007$hC$iCLA Excluded$5Uk
=ACF  \\$aBritish Library not licensed to copy$c0$e01-apr-2007$hC$iCLA Excluded$5Uk
=ACF  \\$aBritish Library not licensed to copy$c0$e01-jan-2007$hC$iCLA Excluded$5Uk
=ACF  \\$aBritish Library not licensed to copy$c0$e01-oct-2006$hC$iCLA Excluded$5Uk
=ACF  \\$aBritish Library not licensed to copy$c0$e01-jul-2006$hC$iCLA Excluded$5Uk
=ACF  \\$aBritish Library not licensed to copy$c0$e01-apr-2006$hC$iCLA Excluded$5Uk
=ACF  \\$aBritish Library not licensed to copy$c0$e01-jan-2006$hC$iCLA Excluded$5Uk
=ACF  \\$aBritish Library not licensed to copy$c0$e01-oct-2005$hC$iCLA Excluded$5Uk
=ACF  \\$aBritish Library not licensed to copy$c0$e01-jul-2005$hC$iCLA Excluded$5Uk
=ACF  \\$aBritish Library not licensed to copy$c0$e01-apr-2005$hC$iCLA Excluded$5Uk
=ACF  \\$aBritish Library not licensed to copy$c0$e01-jan-2005$hC$iCLA Excluded$5Uk
=ACF  \\$aPrevious Copyright Fee: GBP0.00$c0$e01-jul-2011$fGBP0.00$g0$hC$5Uk
=LAS  \\$aBATCH-FIX$b00$c20230511$lBLL01$h1625

