=LDR  05856 as a2201201 a 4500
=001  005430337
=003  Uk
=005  20200331154400.0
=006  m\\\\\\\\d\\\\\\\\
=007  cr\cnu||||||||
=008  970818d19982002njumr\p\o\\\\\0\\\a0eng\d
=FMT  \\$a  SE
=019  c\$a2586301
=022  \\$y1095-1806
=035  \\$a(OCoLC)316181680
=040  \\$aLGG$beng$cLGG$dOCLCQ$dUk
=050  \4$aRC681.A1$bC37
=082  04$a616.12$223
=245  00$aCardiology today$h[electronic resource].
=260  \\$aThorofare, NJ :$bSlack, Inc.
=310  \\$aMonthly
=336  \\$atext$2rdacontent
=337  \\$acomputer$2rdamedia
=338  \\$aonline resource$2rdacarrier
=595  \\$aSEE CARD INDEX.
=538  \\$aMode of access: World Wide Web.
=588  \\$aDescription based on surrogate of: vol. 5, no. 2 (Feb. 2002); title from caption.
=540  \\$aCurrent copyright fee: GBP38.00$c58\0$5Uk
=650  \0$aCardiology$vPeriodicals.
=650  \0$aHeart$xDiseases$vPeriodicals.
=785  00$tToday in cardiology$x1539-3321
=856  \\$31850-9999$uhttp://www.slackinc.com/$xBLDSS
=856  40$uhttp://mclink.library.mcgill.ca/sfx?url_ver=Z39.88-2004&ctx_ver=Z39.88-2004&ctx_enc=info:ofi/enc:UTF-8&rfr_id=info:sid/sfxit.com:opac_856&url_ctx_fmt=info:ofi/fmt:kev:mtx:ctx&sfx.ignore_date_threshold=1&rft.object_id=991042752723888&svc_val_fmt=info:ofi/fmt:kev:mtx:sch_svc&
=945  \\$aCARDIOLOGY TODAY -THOROFARE NJ-.
=979  \\$aBritish Library$bDSC$j3051.435500N$xNot selected
=985  \\$aCorrected by BSS-generated file for WR# 10/166
=A02  \\$a2586301
=CAT  \\$aCONV$b00$c20040502$lBLL01$h1100
=CAT  \\$aBATCH-CLA$b00$c20100831$lBLL01$h1530
=CAT  \\$aIPL-CLA$c20100930$lBLL01$h1439
=CAT  \\$aBATCH-CLA$b00$c20101115$lBLL01$h1605
=CAT  \\$aBLSS-CORR$b00$c20101119$lBLL01$h1709
=CAT  \\$aIPL-CLA$c20101231$lBLL01$h1120
=CAT  \\$aBATCH-CLA$b00$c20110228$lBLL01$h1539
=CAT  \\$aIPL-CLA$c20110331$lBLL01$h1419
=CAT  \\$aBATCH-CLA$b00$c20110531$lBLL01$h1626
=CAT  \\$aIPL-CLA$c20110630$lBLL01$h1501
=CAT  \\$aBATCH-CLA$b00$c20110831$lBLL01$h1757
=CAT  \\$aIPL-CLA$c20110930$lBLL01$h1458
=CAT  \\$aBATCH-CLA$b00$c20111130$lBLL01$h1212
=CAT  \\$aIPL-CLA$c20111230$lBLL01$h1626
=CAT  \\$aBATCH-CLA$b00$c20120229$lBLL01$h1618
=CAT  \\$a5552$b40$c20120305$lBLL01$h1341
=CAT  \\$aWR12-140$c20121031$lBLL01$h1708
=CAT  \\$aBATCH-CLA$b00$c20121102$lBLL01$h1754
=CAT  \\$aWR13.005$c20130323$lBLL01$h1532
=CAT  \\$a8201$b40$c20140917$lBLL01$h1415
=CAT  \\$aBLDSS-3PM$b00$c20150131$lBLL01$h2308
=CAT  \\$a8874$b40$c20150317$lBLL01$h1251
=CAT  \\$aBATCH-UPD$b40$c20160413$lBLL01$h1759
=CAT  \\$a5410$b40$c20161208$lBLL01$h1610
=CAT  \\$aBATCH-UPD$b40$c20200219$lBLL01$h1605
=CAT  \\$aIPL-CLA$c20200331$lBLL01$h1544
=CFI  0\$aCurrent copyright fee: GBP38.00$c58\0$e01-apr-2020$fGBP38.00$g0$hP$5Uk
=CFI  2\$aPrevious copyright fee: GBP31.00$c58\0$e05-mar-2012$fGBP31.00$g0$hP$5Uk
=FFP  \\$aY$bBLDSS-3PM
=FIN  \\$aY
=LEO  \\$aMP10.0000133846
=SID  \\$aZ39$bOCLC
=SRC  \\$aDSS01$bbibmp10.200404.2.aa
=TCO  \\$aTRS$bCCC$c008
=ACF  \\$aPrevious Copyright Fee: GBP3.60$c0$e01-oct-2011$fGBP3.60$g0$hC$5Uk
=ACF  \\$aPrevious Copyright Fee: GBP3.60$c0$e01-jul-2011$fGBP3.60$g0$hC$5Uk
=ACF  \\$aPrevious Copyright Fee: GBP3.60$c0$e01-apr-2011$fGBP3.60$g0$hC$5Uk
=ACF  \\$aPrevious Copyright Fee: GBP3.60$c0$e01-jan-2011$fGBP3.60$g0$hC$5Uk
=ACF  \\$aPrevious Copyright Fee: GBP3.60$c0$e01-oct-2010$fGBP3.60$g0$hC$5Uk
=ACF  \\$aPrevious Copyright Fee: GBP3.60$c0$e01-jul-2010$fGBP3.60$g0$hC$5Uk
=ACF  \\$aPrevious Copyright Fee: GBP3.60$c0$e01-apr-2010$fGBP3.60$g0$hC$5Uk
=ACF  \\$aPrevious Copyright Fee: GBP3.60$c0$e01-Jan-2010$fGBP3.60$g0$hC$5Uk
=ACF  \\$aPrevious Copyright Fee: GBP3.60$c0$e01-oct-2009$fGBP3.60$g0$hC$5Uk
=ACF  \\$aPrevious Copyright Fee: GBP4.29$c0$e01-jul-2009$fGBP4.29$g0$hC$5Uk
=ACF  \\$aPrevious Copyright Fee: GBP4.29$c0$e01-apr-2009$fGBP4.29$g0$hC$5Uk
=ACF  \\$aPrevious Copyright Fee: GBP3.75$c0$e01-jan-2009$fGBP3.75$g0$hC$5Uk
=ACF  \\$aPrevious Copyright Fee: GBP3.00$c0$e01-oct-2008$fGBP3.00$g0$hC$5Uk
=ACF  \\$aPrevious Copyright Fee: GBP3.00$c0$e01-jul-2008$fGBP3.00$g0$hC$5Uk
=ACF  \\$aPrevious Copyright Fee: GBP3.00$c0$e01-apr-2008$fGBP3.00$g0$hC$5Uk
=ACF  \\$aPrevious Copyright Fee: GBP3.00$c0$e01-jan-2008$fGBP3.00$g0$hC$5Uk
=ACF  \\$aPrevious Copyright Fee: GBP3.00$c0$e01-oct-2007$fGBP3.00$g0$hC$5Uk
=ACF  \\$aPrevious Copyright Fee: GBP3.00$c0$e01-jul-2007$fGBP3.00$g0$hC$5Uk
=ACF  \\$aPrevious Copyright Fee: GBP3.08$c0$e01-apr-2007$fGBP3.08$g0$hC$5Uk
=ACF  \\$aPrevious Copyright Fee: GBP10.81$c0$e01-jan-2007$fGBP10.81$g0$hC$5Uk
=ACF  \\$aPrevious Copyright Fee: GBP10.81$c0$e01-oct-2006$fGBP10.81$g0$hC$5Uk
=ACF  \\$aPrevious Copyright Fee: GBP11.43$c0$e01-jul-2006$fGBP11.43$g0$hC$5Uk
=ACF  \\$aPrevious Copyright Fee: GBP11.43$c0$e01-apr-2006$fGBP11.43$g0$hC$5Uk
=ACF  \\$aPrevious Copyright Fee: GBP11.11$c0$e01-jan-2006$fGBP11.11$g0$hC$5Uk
=ACF  \\$aPrevious Copyright Fee: GBP10.81$c0$e01-oct-2005$fGBP10.81$g0$hC$5Uk
=ACF  \\$aPrevious Copyright Fee: GBP11.11$c0$e01-jan-2005$fGBP11.11$g0$hC$5Uk
=ACF  \\$aPrevious Copyright Fee: GBP10.81$c0$e01-oct-2004$fGBP10.81$g0$hC$5Uk
=ACF  \\$aPrevious copyright fee: GBP1.41$c0$e01-apr-2004$fGBP1.41$g0$hC$5Uk
=ACF  \\$aCurrent copyright fee: GBP1.53$c0$e01-jan-2004$fGBP1.53$g0$hC$5Uk
=ACF  \\$aCurrent copyright fee: GBP1.63$c0$e01-jan-2003$fGBP1.63$g0$hC$5Uk
=ACF  \\$aPrevious Copyright Fee: GBP3.60$c0$e01-jan-2012$fGBP3.60$g0$hC$5Uk
=LAS  \\$aIPL-CLA$b00$c20200331$lBLL01$h1544

