=LDR  04249cas a2201093 a 4500
=001  005434289
=003  Uk
=005  20211231153429.0
=007  ta
=008  990602c19909999sp\tr\p\\\\\\\0\\\b0spa\\
=FMT  \\$a  SE
=010  \\$a   00243324 
=016  7\$a100890160$2DNLM
=019  c\$a2585364
=022  \\$a1130-5274$l1130-5274
=035  \\$a(OCoLC)44601000
=040  \\$aNLM$beng$cNLM$dOCLCQ$dCDS$dCUS$dOCLCQ$dOCLCF$dUk
=041  0\$aspa$beng$feng
=042  \\$apcc
=043  \\$ae-sp---
=050  \4$aRC467$b.C55
=060  00$aW1$bCL618
=210  0\$aClín. salud
=222  \0$aClínica y salud
=245  00$aClínica y salud.
=260  \\$aMadrid :$bColegio Oficial de Psicólogos, Delegación de Madrid
=300  \\$av.
=310  \\$aThree no. a year
=336  \\$atext$2rdacontent
=337  \\$aunmediated$2rdamedia
=338  \\$avolume$2rdacarrier
=362  1\$aBegan in 1990.$zISSN online.
=595  \\$aSEE CARD INDEX.
=515  \\$aIssues for <vol. 10-> also called <año 9->.
=530  \\$aTable of contents also available online.
=546  \\$aSummaries and table of contents also in English.
=588  \\$aDescription based on: Vol. 10, no. 3 (año 1999).
=540  \\$aCurrent copyright fee: GBP34.30$c5\1$5Uk
=650  \0$aClinical psychology$zSpain$vPeriodicals.
=650  \0$aClinical psychology$vPeriodicals.
=650  12$aPsychology, Clinical$vPeriodicals.
=650  \7$aClinical psychology.$2fast
=651  \7$aSpain.$2fast
=655  \7$aPeriodicals.$2fast
=710  2\$aColegio Oficial de Psicólogos (Spain).$bDelegación de Madrid.
=776  08$iOnline version:$tClínica y salud (Online)$x2174-0550
=856  \\$31850-9999$uhttp://www.elsevier.com/journals$xBLDSS
=856  42$uhttp://www.cop.es/publicaciones/clinica/clinica.htm
=945  \\$aCLINICA Y SALUD.
=979  \\$aBritish Library$bDSC$j3286.244100N$xNot selected
=A02  \\$a2585364
=CAT  \\$aCONV$b00$c20040502$lBLL01$h1100
=CAT  \\$aBATCH-UPD$b00$c20100331$lBLL01$h2023
=CAT  \\$aBATCH-UPD$b00$c20100401$lBLL01$h0001
=CAT  \\$aBATCH$b00$c20100401$lBLL01$h0316
=CAT  \\$aBATCH$b00$c20100401$lBLL01$h1312
=CAT  \\$aBLSS-CORR$b00$c20101119$lBLL01$h1710
=CAT  \\$aBATCH-UPD$b00$c20101124$lBLL01$h1706
=CAT  \\$aBATCH-UPD$b00$c20101125$lBLL01$h0927
=CAT  \\$aIPL-CLA$c20101231$lBLL01$h1121
=CAT  \\$aWR11_203$c20111204$lBLL01$h1228
=CAT  \\$aIPL-CLA$c20111230$lBLL01$h1627
=CAT  \\$aWR12-140$c20121031$lBLL01$h1708
=CAT  \\$aBATCH-CLA$b00$c20121102$lBLL01$h1753
=CAT  \\$aWR13.005$c20130329$lBLL01$h1204
=CAT  \\$a5552$b40$c20131011$lBLL01$h1403
=CAT  \\$a6550$b40$c20140904$lBLL01$h1212
=CAT  \\$aBLDSS-3PM$b00$c20141222$lBLL01$h1700
=CAT  \\$a8874$b40$c20150219$lBLL01$h0832
=CAT  \\$aBATCH-UPD$b40$c20160413$lBLL01$h1759
=CAT  \\$aBATCH-UPD$b40$c20160604$lBLL01$h2156
=CAT  \\$aBATCH-UPD$b40$c20171121$lBLL01$h1722
=CAT  \\$aIPL-CLA$c20171231$lBLL01$h1102
=CAT  \\$aBATCH-UPD$b00$c20190521$lBLL01$h1416
=CAT  \\$aIPL-CLA$c20190630$lBLL01$h1510
=CAT  \\$aBATCH-UPD$b00$c20211119$lBLL01$h1534
=CAT  \\$aIPL-CLA$c20211231$lBLL01$h1534
=CFI  0\$aCurrent copyright fee: GBP34.30$c5\1$e01-jan-2022$fGBP34.30$g0$hP$5Uk
=CFI  2\$aPrevious copyright fee: GBP32.84$c5\1$e01-jul-2019$fGBP32.84$g0$hP$5Uk
=FFP  \\$aY$bBLDSS-3PM
=FIN  \\$aY
=LEO  \\$aMP10.0000150148
=SID  \\$aZ39$bOCLC
=SRC  \\$aDSS01$bbibmp10.200404.2.aa
=TCO  \\$aESP$bCEDRO$c008
=TOC  \\$aETOC
=ACF  \\$aPrevious copyright fee: GBP9.00$c0$e01-apr-2010$fGBP9.00$g0$hA$5Uk
=ACF  \\$aPrevious copyright fee: GBP6.00$c0$e01-apr-2008$fGBP6.00$g0$hA$5Uk
=ACF  \\$aPrevious copyright fee: GBP5.00$c0$e01-oct-2002$fGBP5.00$g0$hA$5Uk
=ACF  \\$aPrevious copyright fee: GBP12.00$c0$e01-jan-2012$fGBP12.00$g0$hA$5Uk
=ACF  \\$aPrevious copyright fee: GBP10.50$c0$e01-jan-2011$fGBP10.50$g0$hA$5Uk
=ACF  \\$aPrevious copyright fee: GBP22.50$c5\1$e11-oct-2013$fGBP22.50$g0$hP$5Uk
=ACF  \\$aPrevious copyright fee: GBP23.40$c5\1$e01-jan-2018$fGBP23.40$g0$hP$5Uk
=LAS  \\$aIPL-CLA$b00$c20211231$lBLL01$h1534

