=LDR  03825cas a2200985ua 4500
=001  005438565
=003  Uk
=005  20211231153430.0
=007  ta
=008  030130c20039999pauqr\p\\\\\\\0\\\a0eng\c
=FMT  \\$a  SE
=010  \\$a  2003212061
=016  7\$a101184672$2DNLM
=019  c\$a3021620
=022  0\$a1543-3544$l1543-3544$21
=030  \\$aCERTBP
=035  \\$a(OCoLC)51547210
=040  \\$aNSD$beng$cNSD$dNLM$dCAS$dNSD$dOCLCQ$dUk
=042  \\$ansdp$apcc
=060  00$aW1$bCO775SN
=082  10$a616.07$213
=210  0\$aContin. educ. radiol. technol.
=222  \0$aContinuing education in radiologic technology
=245  00$aContinuing education in radiologic technology.
=260  \\$aPhiladelphia, PA :$bW.B. Saunders,$cc2003-
=300  \\$av. :$bill.
=310  \\$aQuarterly
=336  \\$atext$2rdacontent
=337  \\$aunmediated$2rdamedia
=338  \\$avolume$2rdacarrier
=362  0\$aVol. 1, no. 1 (Feb. 2003)-
=500  \\$aTitle from cover.
=530  \\$aAlso issued online.
=540  \\$aCurrent copyright fee: GBP34.30$c5\1$5Uk
=650  12$aTechnology, Radiologic$vPeriodicals.
=650  22$aEducation, Continuing$vPeriodicals.
=776  1\$tContinuing education in radiologic technology (Online)$x1543-4664
=856  \\$31850-9999$uhttp://www.elsevier.com/journals$xBLDSS
=856  41$uhttp://www.ceradtech.com
=945  \\$aCONTINUING EDUCATION IN RADIOLOGIC TECHNOLOGY.
=979  \\$aBritish Library$bDSC$j3425.686900N
=A02  \\$a3021620
=CAT  \\$aCONV$b00$c20040502$lBLL01$h1101
=CAT  \\$aBATCH-UPD$b00$c20081231$lBLL01$h2148
=CAT  \\$aBATCH-UPD$b00$c20081231$lBLL01$h2343
=CAT  \\$aBATCH$b00$c20090101$lBLL01$h0112
=CAT  \\$aBATCH$b00$c20091205$lBLL01$h2347
=CAT  \\$aBLSS-CORR$b00$c20101119$lBLL01$h1710
=CAT  \\$aBATCH-UPD$b00$c20111123$lBLL01$h1849
=CAT  \\$aIPL-CLA$c20111230$lBLL01$h1627
=CAT  \\$aWR12-140$c20121031$lBLL01$h1709
=CAT  \\$aBATCH-CLA$b00$c20121102$lBLL01$h1753
=CAT  \\$aBATCH-UPD$b00$c20121121$lBLL01$h1652
=CAT  \\$aWR12_168$c20121206$lBLL01$h1806
=CAT  \\$aIPL-CLA$c20121231$lBLL01$h1236
=CAT  \\$aIPL-CLA$c20130102$lBLL01$h1630
=CAT  \\$aWR13.005$c20130329$lBLL01$h1206
=CAT  \\$a6550$b40$c20140904$lBLL01$h1227
=CAT  \\$aBLDSS-3PM$b00$c20141222$lBLL01$h1700
=CAT  \\$a8874$b40$c20150219$lBLL01$h0834
=CAT  \\$aBATCH-UPD$b40$c20160413$lBLL01$h1759
=CAT  \\$aBATCH-UPD$b40$c20160604$lBLL01$h2157
=CAT  \\$aBATCH-UPD$b40$c20171121$lBLL01$h1722
=CAT  \\$aIPL-CLA$c20171231$lBLL01$h1102
=CAT  \\$aBATCH-UPD$b00$c20190521$lBLL01$h1416
=CAT  \\$aIPL-CLA$c20190630$lBLL01$h1510
=CAT  \\$aBATCH-UPD$b00$c20211119$lBLL01$h1534
=CAT  \\$aIPL-CLA$c20211231$lBLL01$h1534
=CFI  0\$aCurrent copyright fee: GBP34.30$c5\1$e01-jan-2022$fGBP34.30$g0$hP$5Uk
=CFI  2\$aPrevious copyright fee: GBP32.84$c5\1$e01-jul-2019$fGBP32.84$g0$hP$5Uk
=FFP  \\$aY$bBLDSS-3PM
=FIN  \\$aY
=LEO  \\$aMP10.0000166209
=SID  \\$aZ39$bOCLC
=SRC  \\$aDSS01$bbibmp10.200404.2.aa
=TCO  \\$aTRS$bCCC$c008
=TOC  \\$aETOC
=ACF  \\$aPrevious copyright fee: GBP19.00$c5\1$e01-jan-2008$fGBP19.00$g0$hP$5Uk
=ACF  \\$aPrevious copyright fee: GBP18.00$c5\1$e01-apr-2004$fGBP18.00$g0$hP$5Uk
=ACF  \\$aCurrent copyright fee: GBP20.00$c5\1$e01-jan-2004$fGBP20.00$g0$hP$5Uk
=ACF  \\$aPrevious copyright fee: GBP20.00$c5\1$e01-jan-2009$fGBP20.00$g0$hP$5Uk
=ACF  \\$aPrevious copyright fee: GBP21.00$c5\1$e01-jan-2012$fGBP21.00$g0$hP$5Uk
=ACF  \\$aPrevious copyright fee: GBP22.50$c5\1$e01-jan-2013$fGBP22.50$g0$hP$5Uk
=ACF  \\$aPrevious copyright fee: GBP23.40$c5\1$e01-jan-2018$fGBP23.40$g0$hP$5Uk
=LAS  \\$aIPL-CLA$b00$c20211231$lBLL01$h1534

