=LDR  05740 as a2201225 a 4500
=001  005462079
=003  Uk
=005  20200331154414.0
=006  m\\\\\o\\d\\\\\\\\
=007  cr\un|||||||||
=008  081105c19999999njumr\pso\\\\\0\\\a0eng\d
=FMT  \\$a  SE
=019  c\$a3016424
=022  \\$y1526-0488
=035  \\$a(OCoLC)268995624
=040  \\$aOCLCS$beng$cOCLCS$dOCLCS$dOCLCQ$dCSU$dOCLCQ$dOCLCF$dUk
=050  \4$aRC633.A1
=082  04$a616.15$223
=245  00$aHEM/ONC today$h[electronic resource].
=260  \\$aThorofare, NJ :$bSlack, Inc.
=310  \\$aMonthly
=336  \\$atext$2rdacontent
=337  \\$acomputer$2rdamedia
=338  \\$aonline resource$2rdacarrier
=362  1\$aPrint began with fall 1999.
=595  \\$aSEE CARD INDEX.
=530  \\$aAlso issued in print.
=538  \\$aMode of access: World Wide Web.
=588  \\$aDescription based on print version record.
=540  \\$aCurrent copyright fee: GBP38.00$c58\0$5Uk
=650  \0$aHematology$vPeriodicals.
=650  \0$aBlood$xDiseases$vPeriodicals.
=650  \0$aOncology$vPeriodicals.
=776  1\$tHEM/ONC today$x1526-0488
=856  \\$31850-9999$uhttp://www.slackinc.com/$xBLDSS
=856  40$uhttp://gateway.proquest.com/openurl?url_ver=Z39.88-2004&res_dat=xri:pqd&rft_val_fmt=info:ofi/fmt:kev:mtx:journal&rft_dat=xri:pqd:PMID%3D80697
=945  \\$aHEM ONC TODAY.
=979  \\$aBritish Library$bDSC$j4290.970000N$xNot selected
=A02  \\$a3016424
=CAT  \\$aCONV$b00$c20040502$lBLL01$h1101
=CAT  \\$aIPL-CLA$c20100630$lBLL01$h2005
=CAT  \\$aBATCH-CLA$b00$c20100831$lBLL01$h1522
=CAT  \\$aIPL-CLA$c20100930$lBLL01$h1439
=CAT  \\$aBATCH-CLA$b00$c20101115$lBLL01$h1604
=CAT  \\$aIPL-CLA$c20101231$lBLL01$h1125
=CAT  \\$aBATCH-CLA$b00$c20110228$lBLL01$h1542
=CAT  \\$aIPL-CLA$c20110331$lBLL01$h1420
=CAT  \\$aBATCH-CLA$b00$c20110531$lBLL01$h1639
=CAT  \\$aIPL-CLA$c20110630$lBLL01$h1501
=CAT  \\$aBATCH-CLA$b00$c20110831$lBLL01$h1754
=CAT  \\$aIPL-CLA$c20110930$lBLL01$h1459
=CAT  \\$aBATCH-CLA$b00$c20111130$lBLL01$h1203
=CAT  \\$aIPL-CLA$c20111230$lBLL01$h1630
=CAT  \\$aBATCH-CLA$b00$c20120229$lBLL01$h1626
=CAT  \\$a5552$b40$c20120305$lBLL01$h1406
=CAT  \\$aWR12-140$c20121031$lBLL01$h1712
=CAT  \\$aBATCH-CLA$b00$c20121102$lBLL01$h1751
=CAT  \\$aWR13.005$c20130329$lBLL01$h1227
=CAT  \\$a8201$b40$c20140917$lBLL01$h1548
=CAT  \\$aBLDSS-3PM$b00$c20150131$lBLL01$h2308
=CAT  \\$a8874$b40$c20150317$lBLL01$h1259
=CAT  \\$aBATCH-UPD$b40$c20160413$lBLL01$h1759
=CAT  \\$a5410$b40$c20170109$lBLL01$h1221
=CAT  \\$aBATCH-UPD$b40$c20200219$lBLL01$h1605
=CAT  \\$aIPL-CLA$c20200331$lBLL01$h1544
=CFI  0\$aCurrent copyright fee: GBP38.00$c58\0$e01-apr-2020$fGBP38.00$g0$hP$5Uk
=CFI  2\$aPrevious copyright fee: GBP31.00$c58\0$e05-mar-2012$fGBP31.00$g0$hP$5Uk
=FFP  \\$aY$bBLDSS-3PM
=FIN  \\$aY
=LEO  \\$aMP10.0000263367
=SID  \\$aZ39$bOCLC
=SRC  \\$aDSS01$bbibmp10.200404.2.aa
=TCO  \\$aTRS$bCCC$c008
=ACF  \\$aPrevious Copyright Fee: GBP3.60$c0$e01-oct-2011$fGBP3.60$g0$hC$5Uk
=ACF  \\$aPrevious Copyright Fee: GBP3.60$c0$e01-jul-2011$fGBP3.60$g0$hC$5Uk
=ACF  \\$aPrevious Copyright Fee: GBP3.60$c0$e01-apr-2011$fGBP3.60$g0$hC$5Uk
=ACF  \\$aPrevious Copyright Fee: GBP3.60$c0$e01-jan-2011$fGBP3.60$g0$hC$5Uk
=ACF  \\$aPrevious Copyright Fee: GBP3.60$c0$e01-oct-2010$fGBP3.60$g0$hC$5Uk
=ACF  \\$aPrevious Copyright Fee: GBP3.60$c0$e01-jul-2010$fGBP3.60$g0$hC$5Uk
=ACF  \\$aPrevious Copyright Fee: GBP3.60$c0$e01-apr-2010$fGBP3.60$g0$hC$5Uk
=ACF  \\$aPrevious Copyright Fee: GBP3.60$c0$e01-Jan-2010$fGBP3.60$g0$hC$5Uk
=ACF  \\$aPrevious Copyright Fee: GBP3.60$c0$e01-oct-2009$fGBP3.60$g0$hC$5Uk
=ACF  \\$aPrevious Copyright Fee: GBP4.29$c0$e01-jul-2009$fGBP4.29$g0$hC$5Uk
=ACF  \\$aPrevious Copyright Fee: GBP4.29$c0$e01-apr-2009$fGBP4.29$g0$hC$5Uk
=ACF  \\$aPrevious Copyright Fee: GBP3.75$c0$e01-jan-2009$fGBP3.75$g0$hC$5Uk
=ACF  \\$aPrevious Copyright Fee: GBP3.00$c0$e01-oct-2008$fGBP3.00$g0$hC$5Uk
=ACF  \\$aPrevious Copyright Fee: GBP3.00$c0$e01-jul-2008$fGBP3.00$g0$hC$5Uk
=ACF  \\$aPrevious Copyright Fee: GBP3.00$c0$e01-apr-2008$fGBP3.00$g0$hC$5Uk
=ACF  \\$aPrevious Copyright Fee: GBP3.00$c0$e01-jan-2008$fGBP3.00$g0$hC$5Uk
=ACF  \\$aPrevious Copyright Fee: GBP3.00$c0$e01-oct-2007$fGBP3.00$g0$hC$5Uk
=ACF  \\$aPrevious Copyright Fee: GBP3.00$c0$e01-jul-2007$fGBP3.00$g0$hC$5Uk
=ACF  \\$aPrevious Copyright Fee: GBP3.08$c0$e01-apr-2007$fGBP3.08$g0$hC$5Uk
=ACF  \\$aPrevious Copyright Fee: GBP10.81$c0$e01-jan-2007$fGBP10.81$g0$hC$5Uk
=ACF  \\$aPrevious Copyright Fee: GBP10.81$c0$e01-oct-2006$fGBP10.81$g0$hC$5Uk
=ACF  \\$aPrevious Copyright Fee: GBP11.43$c0$e01-jul-2006$fGBP11.43$g0$hC$5Uk
=ACF  \\$aPrevious Copyright Fee: GBP11.43$c0$e01-apr-2006$fGBP11.43$g0$hC$5Uk
=ACF  \\$aPrevious Copyright Fee: GBP11.11$c0$e01-jan-2006$fGBP11.11$g0$hC$5Uk
=ACF  \\$aPrevious Copyright Fee: GBP10.81$c0$e01-oct-2005$fGBP10.81$g0$hC$5Uk
=ACF  \\$aPrevious Copyright Fee: GBP10.81$c0$e01-jul-2005$fGBP10.81$g0$hC$5Uk
=ACF  \\$aPrevious Copyright Fee: GBP10.81$c0$e01-apr-2005$fGBP10.81$g0$hC$5Uk
=ACF  \\$aPrevious Copyright Fee: GBP11.11$c0$e01-jan-2005$fGBP11.11$g0$hC$5Uk
=ACF  \\$aPrevious Copyright Fee: GBP10.81$c0$e01-oct-2004$fGBP10.81$g0$hC$5Uk
=ACF  \\$aPrevious copyright fee: GBP5.00$c0$e13-jun-2003$fGBP5.00$g0$hA$5Uk
=ACF  \\$aPrevious Copyright Fee: GBP3.60$c0$e01-jan-2012$fGBP3.60$g0$hC$5Uk
=LAS  \\$aIPL-CLA$b00$c20200331$lBLL01$h1544

