=LDR  03480 as a22009133  4500
=001  005509539
=003  Uk
=005  20200331154432.0
=006  m\\\\\o\\d\\\\\\\\
=007  cr\un|||||||||
=008  050822c19969999njumr\pso\\\\\0\\\a0eng\d
=FMT  \\$a  SE
=019  c\$a2541988
=022  \\$y1081-6437
=035  \\$a(OCoLC)61311248
=040  \\$aOCLCS$beng$cOCLCS$dOCLCS$dCCO$dHEBIS$dOCLCQ$dOCLCF$dUk
=050  \4$aRE1$b.P75
=082  04$a617.7$223
=130  0\$aPrimary care optometry news (Online)
=245  10$aPrimary care optometry news$h[electronic resource].
=246  30$aOptometry news
=246  30$aOptometry
=260  \\$aThorofare, N.J. :$bSlack, Inc.
=310  \\$aMonthly
=336  \\$atext$2rdacontent
=337  \\$acomputer$2rdamedia
=338  \\$aonline resource$2rdacarrier
=362  1\$aPrint began in 1996.
=530  \\$aAlso issued in print.
=538  \\$aMode of access: World Wide Web.
=588  \\$aDescription based on print version record.
=540  \\$aCurrent copyright fee: GBP38.00$c58\0$5Uk
=650  \0$aOptometry$vPeriodicals.
=776  1\$tPrimary care optometry news$x1081-6437
=856  \\$31850-9999$uhttp://www.slackinc.com/$xBLDSS
=856  40$uhttp://www.pconsupersite.com/
=945  \\$aPRIMARY CARE OPTOMETRY NEWS.
=979  \\$aBritish Library$bDSC$j6612.908350N$xNot selected
=A02  \\$a2541988
=CAT  \\$aCONV$b00$c20040502$lBLL01$h1102
=CAT  \\$aBATCH$b00$c20080330$lBLL01$h1806
=CAT  \\$aWR-09059$b40$c20090927$lBLL01$h1638
=CAT  \\$aBATCH$b00$c20091206$lBLL01$h0015
=CAT  \\$aBATCH-UPD$b00$c20100225$lBLL01$h2242
=CAT  \\$aBATCH-UPD$b00$c20100331$lBLL01$h2030
=CAT  \\$aBATCH-UPD$b00$c20100401$lBLL01$h0007
=CAT  \\$aBATCH$b00$c20100401$lBLL01$h0322
=CAT  \\$aBATCH$b00$c20100401$lBLL01$h1318
=CAT  \\$aBATCH-UPD$b00$c20101124$lBLL01$h1713
=CAT  \\$aBATCH-UPD$b00$c20101125$lBLL01$h0935
=CAT  \\$aIPL-CLA$c20101231$lBLL01$h1132
=CAT  \\$aWR11_203$c20111204$lBLL01$h1238
=CAT  \\$aIPL-CLA$c20111230$lBLL01$h1636
=CAT  \\$a5552$b40$c20120305$lBLL01$h1505
=CAT  \\$aWR12-140$c20121031$lBLL01$h1719
=CAT  \\$aBATCH-CLA$b00$c20121103$lBLL01$h1038
=CAT  \\$aWR12_168$c20121206$lBLL01$h1807
=CAT  \\$aWR13.005$c20130322$lBLL01$h1825
=CAT  \\$a8201$b40$c20140917$lBLL01$h1617
=CAT  \\$aBLDSS-3PM$b00$c20150131$lBLL01$h2308
=CAT  \\$a8874$b40$c20150317$lBLL01$h1308
=CAT  \\$aBATCH-UPD$b40$c20160413$lBLL01$h1759
=CAT  \\$a5410$b40$c20170116$lBLL01$h1147
=CAT  \\$aBATCH-UPD$b40$c20200219$lBLL01$h1605
=CAT  \\$aIPL-CLA$c20200331$lBLL01$h1544
=CFI  0\$aCurrent copyright fee: GBP38.00$c58\0$e01-apr-2020$fGBP38.00$g0$hP$5Uk
=CFI  2\$aPrevious copyright fee: GBP31.00$c58\0$e05-mar-2012$fGBP31.00$g0$hP$5Uk
=FFP  \\$aY$bBLDSS-3PM
=FIN  \\$aY
=LEO  \\$aMP10.0000449868
=SID  \\$aZ39$bOCLC
=SRC  \\$aDSS01$bbibmp10.200404.2.aa
=TCO  \\$aZZZ$c008
=ACF  \\$aPrevious copyright fee: GBP10.50$c0$e01-jan-2011$fGBP10.50$g0$hA$5Uk
=ACF  \\$aPrevious copyright fee: GBP9.00$c0$e01-apr-2010$fGBP9.00$g0$hA$5Uk
=ACF  \\$aPrevious copyright fee: GBP6.00$c0$e01-apr-2008$fGBP6.00$g0$hA$5Uk
=ACF  \\$aPrevious copyright fee: GBP5.00$c0$e01-oct-2002$fGBP5.00$g0$hA$5Uk
=ACF  \\$aPrevious copyright fee: GBP12.00$c0$e01-jan-2012$fGBP12.00$g0$hA$5Uk
=LAS  \\$aIPL-CLA$b00$c20200331$lBLL01$h1544

