=LDR  04280cas a2201069ua 4500
=001  005514208
=003  Uk
=005  20230511162535.0
=008  890703c19869999bl\qr\p\\\\\\f0\\\b0por\c
=FMT  \\$a  SE
=010  \\$a   89655725 
=016  7\$a9616730$2DNLM
=019  c\$a2587189
=022  0\$a0102-7972$l0102-7972$2k
=035  \\$a(OCoLC)19958389
=040  \\$aGZM$beng$cGZM$dDLC$dIXA$dDLC$dCUS$dNLM$dCGU$dSERSO$dOCLCQ$dDLC$dOCLCQ$dOCLCF$dOCLCO$dOCLCQ$dOCLCO$dCUS$dUk
=041  0\$apor$beng$feng
=042  \\$apcc
=050  00$aBF5$b.P77
=060  00$aW1$bPS165K
=082  00$a150/.5$220
=210  1\$aPsicol. reflex. crít.
=222  \0$aPsicologia: reflexão e crítica
=245  00$aPsicologia, reflexão e crítica :$brevista semestral do Departamento de Psicologia da UFRGS.
=246  10$aPsicologia
=246  13$aPsychology, reflection and criticism
=260  \\$aPorto Alegre :$bO Departamento,$c[1986]-
=300  \\$avolumes ;$c21 cm
=310  \\$aQuarterly,$b2011-
=321  \\$aThree no. a year,$b-1998
=321  \\$aSemiannual,$b-1997
=336  \\$atext$2rdacontent
=336  \\$atext$btxt$2rdacontent
=337  \\$aunmediated$2rdamedia
=337  \\$aunmediated$bn$2rdamedia
=338  \\$avolume$2rdacarrier
=338  \\$avolume$bnc$2rdacarrier
=362  0\$aVol. 1, no. 1 (dez. 1986)-
=540  \\$aCurrent copyright fee: zero$c22\1$5Uk
=500  \\$aTitle from cover.
=530  \\$aAlso issued via the World Wide Web.
=546  \\$aIn Portuguese, abstracts and table of contents also in English.
=588  \\$aLatest issue consulted: Vol. 16, número 2 (2003).
=588  \\$aLatest issue consulted: Vol. 10, no. 1 (1997).
=650  \0$aPsychology$vPeriodicals.
=650  12$aPsychology.
=650  \7$aPsychology.$2fast
=655  \2$aPeriodicals.
=655  \7$aPeriodicals.$2fast
=710  2\$aUniversidade Federal do Rio Grande do Sul.$bDepartamento de Psicologia.
=776  08$iOnline version:$tPsicologia, reflexão e crítica (Online)$x1678-7153
=780  01$aUniversidade Federal do Rio Grande do Sul. Instituto de Filosofia e Ciências Humanas.$tRevista - Universidade Federal do Rio Grande do Sul, Instituto de Filosofia e Ciências Humanas
=856  \\$31850-9999$uhttp://link.springer.com/$xBLDSS
=856  41$uhttp://prc.springeropen.com/
=856  41$uhttp://bibpurl.oclc.org/web/7491$uhttp://www.scielo.br/prc.htm
=856  41$uhttp://www.scielo.br/cgi-bin/fbpe/fbsite?got=site&pid=0102-7972&usr=fbpe&lng=en&nrm=iso&sss=1&aut=71981947
=945  \\$aPSICOLOGIA -PORTO ALEGRE-.
=979  \\$aBritish Library$bDSC$j6945.849420N$xNot selected
=985  \\$aCorrected by BSS-generated file for WR# 10/166
=A02  \\$a2587189
=CAT  \\$aCONV$b00$c20040502$lBLL01$h1102
=CAT  \\$aaqnfix$b00$c20040626$lBLL01$h1307
=CAT  \\$c20041008$lBLL01$h2238
=CAT  \\$aWR-09059$b40$c20090927$lBLL01$h1638
=CAT  \\$aBATCH$b00$c20091206$lBLL01$h0016
=CAT  \\$aBLSS-CORR$b00$c20101119$lBLL01$h1712
=CAT  \\$aBATCH-UPD$b00$c20101201$lBLL01$h1204
=CAT  \\$aIPL-CLA$c20101231$lBLL01$h1132
=CAT  \\$aBATCH-UPD$b00$c20110907$lBLL01$h1749
=CAT  \\$aIPL-CLA$c20110908$lBLL01$h1701
=CAT  \\$aWR12-140$c20121031$lBLL01$h1720
=CAT  \\$aBATCH-CLA$b00$c20121103$lBLL01$h1038
=CAT  \\$aWR12_168$c20121206$lBLL01$h1807
=CAT  \\$aWR13.005$c20130322$lBLL01$h1827
=CAT  \\$a5552$b40$c20180416$lBLL01$h1200
=CAT  \\$aBLDSS-3PM$b00$c20180424$lBLL01$h1250
=CAT  \\$aBATCH-UPD$b00$c20180424$lBLL01$h1250
=CAT  \\$a5410$b40$c20180504$lBLL01$h1400
=CAT  \\$a6550$b40$c20190102$lBLL01$h1253
=CAT  \\$aBATCH-FIX$c20230511$lBLL01$h1625
=CFI  0\$aCurrent copyright fee: zero$c22\1$e16-apr-2018$fGBP0.00$g0$hP$5Uk
=CFI  2\$aBritish Library not licensed to copy$c0$e07-sep-2011$hC$iTX$5Uk
=FFP  \\$aY$bBLDSS-3PM
=FIN  \\$aY
=LEO  \\$aMP10.0000466228
=SID  \\$aZ39$bOCLC
=SRC  \\$aDSS01$bbibmp10.200404.2.aa
=TCO  \\$aXXX$c008
=UNO  \\$aY
=ACF  \\$aPrevious copyright fee: GBP10.50$c0$e01-jan-2011$fGBP10.50$g0$hA$5Uk
=ACF  \\$aPrevious copyright fee: GBP5.00$c0$e01-oct-2002$fGBP5.00$g0$hC$5Uk
=LAS  \\$aBATCH-FIX$b00$c20230511$lBLL01$h1625

