=LDR  01524 as a22004457i 4500
=001  020119137
=003  Uk
=005  20210916095846.0
=006  m\\\\\\\\d\|\\\\\\
=007  cr||||||||||||
=008  191112c20219999enk\x\p\o\\\\\0\\\a0eng\\
=FMT  \\$a  SE
=022  0\$a2730-9878$202
=040  \\$aUk$beng$cUk$erda
=042  \\$aissnuk
=082  04$a506$223
=210  0\$aNat. Africa
=222  \0$aNature Africa
=245  00$aNature Africa.
=264  \1$a[London?] :$bNature Portfolio
=336  \\$atext$2rdacontent
=337  \\$acomputer$2rdamedia
=338  \\$aonline resource$2rdacarrier
=588  \\$aISSN description based on articles from 14th September 2021 (Recueillir davantage de données en Afrique pour améliorer la thérapie génique) ; title from journal homepage (viewed September 16, 2021).
=540  \\$aCurrent copyright fee: zero$c16\0$5Uk
=856  40$uhttps://www.nature.com/natafrica/
=856  4\$31850-9999$uhttp://www.nature.com/$xBLDSS
=945  \\$aNature Africa
=979  \\$aBritish Library$bDSC$j6046.060000N
=CAT  \\$a5552$b40$c20210302$lBLL01$h0859
=CAT  \\$aBLDSS-3PM$b00$c20210311$lBLL01$h0713
=CAT  \\$aBATCH-UPD$b00$c20210311$lBLL01$h0714
=CAT  \\$a5410$b40$c20210323$lBLL01$h1053
=CAT  \\$a10973$b40$c20210916$lBLL01$h0958
=CFI  0\$aCurrent copyright fee: zero$c16\0$e02-feb-2021$fGBP0.00$g0$hP$5Uk
=FFP  \\$aY$bBLDSS-3PM
=FIN  \\$aY$d20210916
=TOC  \\$aETOC
=UNO  \\$aY
=LAS  \\$a10973$b40$c20210916$lBLL01$h0958

