=LDR  01775cas a22005177i 4500
=001  020124140
=003  Uk
=005  20231003110118.0
=006  m\\\\\\\\d\|\\\\\\
=007  cr\|||||||||||
=008  191112c20219999nyumr\p\o\\\\\0\\\a0eng\\
=FMT  \\$a  SE
=022  0\$a2662-8465$202
=040  \\$aUk$beng$cUk$erda
=042  \\$aissnuk
=082  04$a612.6705$223
=210  0\$aNat. aging
=222  \0$aNature aging
=245  00$aNature aging.
=264  \1$aNew York, NY :$bNature Portfolio,$c2021-
=310  \\$aMonthly
=336  \\$atext$2rdacontent
=337  \\$acomputer$2rdamedia
=338  \\$aonline resource$2rdacarrier
=362  0\$aVolume 1, issue 1 (January 2021)-
=500  \\$aTitle from journal homepage (viewed October 26, 2021).
=540  \\$aCurrent copyright fee: GBP34.95$c16\0$5Uk
=856  4\$31850-9999$uhttp://www.nature.com/$xBLDSS
=856  40$uhttps://www.nature.com/nataging
=945  \\$aNature Aging
=979  \\$aBritish Library$bDSC$j6046.065000N
=985  \\$aISSN originally assigned by IC, then passed to U.S. Center, now completed by UK Centre (Richard, 26/10/21)
=CAT  \\$a5552$b40$c20210303$lBLL01$h1303
=CAT  \\$aBLDSS-3PM$b00$c20210311$lBLL01$h0713
=CAT  \\$aBATCH-UPD$b00$c20210311$lBLL01$h0715
=CAT  \\$a10806$b40$c20211026$lBLL01$h1108
=CAT  \\$aBATCH-UPD$b40$c20221121$lBLL01$h1332
=CAT  \\$aIPL-CLA$c20221231$lBLL01$h1455
=CAT  \\$a8055$b40$c20231003$lBLL01$h1101
=CFI  0\$aCurrent copyright fee: GBP34.95$c16\0$e01-jan-2023$fGBP34.95$g0$hP$5Uk
=CFI  2\$aPrevious copyright fee: GBP24.00$c16\0$e03-mar-2021$fGBP24.00$g0$hP$5Uk
=FFP  \\$aY$bBLDSS-3PM
=FIN  \\$aY$d20211026
=TOC  \\$aETOC
=UNO  \\$aY
=LAS  \\$a8055$b40$c20231003$lBLL01$h1101

