=LDR  01812cas a22005057i 4500
=001  020124141
=003  Uk
=005  20221231145517.0
=006  m\\\\\\\\d\|\\\\\\
=007  cr\|||||||||||
=008  191112c20219999nyumr\p\o\\\\\0\\\a0eng\\
=FMT  \\$a  SE
=022  0\$a2662-8457$202
=040  \\$aUk$beng$cUk$erda
=042  \\$aissnuk
=082  04$a006.305$223
=210  0\$aNat. comput. sci.
=222  \0$aNature computational science
=245  00$aNature computational science.
=264  \1$aNew York, NY :$bNature Portfolio,$c2021-
=336  \\$atext$2rdacontent
=337  \\$acomputer$2rdamedia
=338  \\$aonline resource$2rdacarrier
=362  0\$aVolume 1, issue 1 (January 2021)-
=500  \\$aTitle from journal homepage (viewed October 26, 2021).
=540  \\$aCurrent copyright fee: GBP34.95$c16\0$5Uk
=856  \\$31850-9999$uhttp://www.nature.com/$xBLDSS
=856  40$uhttps://www.nature.com/natcomputsci
=945  \\$aNature Computational Science
=979  \\$aBritish Library$bDSC$j6046.280280N
=985  \\$aISSN originally assigned by IC, then passed to U.S. Center, now completed by UK Centre (Richard, 26/10/21)
=CAT  \\$a5552$b40$c20210303$lBLL01$h1304
=CAT  \\$aBLDSS-3PM$b00$c20210311$lBLL01$h0713
=CAT  \\$aBATCH-UPD$b00$c20210311$lBLL01$h0715
=CAT  \\$a5410$b40$c20210323$lBLL01$h1054
=CAT  \\$a10806$b40$c20211026$lBLL01$h1054
=CAT  \\$aBATCH-UPD$b40$c20221121$lBLL01$h1332
=CAT  \\$aIPL-CLA$c20221231$lBLL01$h1455
=CFI  0\$aCurrent copyright fee: GBP34.95$c16\0$e01-jan-2023$fGBP34.95$g0$hP$5Uk
=CFI  2\$aPrevious copyright fee: GBP24.00$c16\0$e03-mar-2021$fGBP24.00$g0$hP$5Uk
=FFP  \\$aY$bBLDSS-3PM
=FIN  \\$aY$d20211026
=TOC  \\$aETOC
=UNO  \\$aY
=LAS  \\$aIPL-CLA$b00$c20221231$lBLL01$h1455

