=LDR  03433cas a2200829 a 4500
=001  020148907
=003  Uk
=005  20230628010539.0
=007  ta
=008  090430c20099999gw\tr\p\\\\\\\0\\\a0eng\c
=FMT  \\$a  SE
=010  \\$a  2009240518
=022  \\$a1866-802X$l1866-802X
=035  \\$a(OCoLC)319704260
=040  \\$aSTF$beng$cSTF$dIXA$dHLS$dDLC$dCUS$dOCLCQ$dDLC$dIXA$dOCLCF$dOCL$dS3O$dOCLCA$dUk
=041  0\$aeng$bspa$bpor
=042  \\$aukblsr
=043  \\$acl-----
=050  00$aF1414.3$b.J68
=082  04$a320.3098$223
=210  1\$aJ. polit. Lat. Am.$b(Print)
=222  \0$aJournal of politics in Latin America$b(Print)
=245  00$aJournal of politics in Latin America.
=246  13$aJPLA
=260  \\$aHamburg :$bInstitute of Latin American Studies, German Institute of Global and Area Studies,$c[2009]-
=300  \\$av. :$bill. ;$c21 cm.
=310  \\$aThree no. a year
=336  \\$atext$2rdacontent
=337  \\$aunmediated$2rdamedia
=338  \\$avolume$2rdacarrier
=362  0\$a2009/1-
=500  \\$aTitle from cover.
=546  \\$aIn English, with summaries in English and Spanish; some summaries also in Portuguese.
=588  \\$aLatest issue consulted: 2010/1.
=540  \\$aCurrent Copyright Fee: zero$c19\0$5Uk
=651  \0$aLatin America$xPolitics and government$y1980-$vPeriodicals.
=650  \7$aPolitics and government$2fast$0(OCoLC)fst01919741
=651  \7$aLatin America.$2fast$0(OCoLC)fst01245945
=651  \7$aLatinamerika$xpolitik och förvaltning$vperiodika.$2sao
=651  \7$aLatinamerika$xekonomiska förhållanden$vperiodika.$2sao
=648  \7$aSince 1980$2fast
=655  \7$aPeriodicals.$2fast$0(OCoLC)fst01411641
=710  2\$aInstitut für Iberoamerika-Kunde.
=776  08$iOnline version:$tJournal of politics in Latin America (Online)$x1868-4890
=780  00$tLateinamerika Analysen$x1619-1684
=856  \\$31850-9999$uhttp://www.uk.sagepub.com/home.nav$xBLDSS
=856  40$uhttp://www.jpla.org/
=856  41$uhttp://bibpurl.oclc.org/web/38177
=979  \\$aBritish Library$bDSC$j5040.902500N
=985  \\$aISSN responsibility has already been transferred to UK from Germany - now waiting for printed SAGE issue to arrive in office to update publisher (Richard, 31/03/21). Print copy claimed again 19/11/21 (Richard)
=CAT  \\$a10806$b40$c20210331$lBLL01$h1253
=CAT  \\$a10806$b40$c20210331$lBLL01$h1254
=CAT  \\$aBATCH-ROF$b00$c20210403$lBLL01$h1747
=CAT  \\$a10806$b40$c20211119$lBLL01$h0800
=CAT  \\$aBATCH-CLA$b00$c20221130$lBLL01$h1438
=CAT  \\$aIPL-CLA$c20221231$lBLL01$h2352
=CAT  \\$aBATCH-CLA$b00$c20230209$lBLL01$h1525
=CAT  \\$aIPL-CLA$c20230210$lBLL01$h0115
=CAT  \\$a12654$b40$c20230623$lBLL01$h1223
=CAT  \\$a12654$b40$c20230623$lBLL01$h1225
=CAT  \\$aBLDSS-3PM$b00$c20230627$lBLL01$h0836
=CAT  \\$aBATCH-UPD$b00$c20230627$lBLL01$h0837
=CAT  \\$aBATCH-UNOA$c20230628$lBLL01$h0105
=CFI  0\$aCurrent Copyright Fee: zero$c19\0$e09-feb-2023$fGBP0.00$g0$hP$5Uk
=CFI  2\$aPrevious Copyright Fee: GBP32.00$c0$e09-feb-2023$fGBP32.00$g0$hC$5Uk
=CFI  2\$aBritish Library not licensed to copy$c0$e01-jan-2023$hC$iCFP Excluded$5Uk
=FFP  \\$aY$bBLDSS-3PM
=FIN  \\$aY$d20210331
=LET  \0$aJournal of politics in Latin America (Print)
=SID  \\$aZ39$bOCLC
=UNO  \\$aY
=LAS  \\$aBATCH-UNOA$b00$c20230628$lBLL01$h0105

