=LDR  02158cas a22005417a 4500
=001  019213483
=003  Uk
=005  20230511163138.0
=006  m\\\\\\\\d\|||||||
=007  cr\|||||||||||
=008  170803c\\\\9999\\\\\\\\\\\\\\0\\\a0eng\\
=FMT  \\$a  SE
=022  \\$a2251-7235
=040  \\$aUk$beng$cUk
=245  00$aJournal of theoretical and applied physics.
=264  \1$aTehran :$bIslamic Azad University, Science and Research Campus, Plasma Physics Research Center$c2007-
=264  31$a[United States?] :$bSpringer
=336  \\$atext$2rdacontent
=337  \\$acomputer$2rdamedia
=338  \\$aonline resource$2rdacarrier
=540  \\$aCurrent Copyright Fee: zero$c22\1$5Uk
=856  \\$31850-9999$uhttp://link.springer.com/$xBLDSS
=856  40$uhttps://link.springer.com/journal/40094/volumes-and-issues
=945  \\$aJournal of theoretical and applied physics.
=979  \\$aBritish Library$bDSC$j5069.074723N
=985  \\$a3rd party access title for Remote supply please retain as base record when merging/deleting
=CAT  \\$a5552$b40$c20190116$lBLL01$h1131
=CAT  \\$aBATCH-UPD$b40$c20190123$lBLL01$h0053
=CAT  \\$aBLDSS-3PM$b00$c20190130$lBLL01$h1513
=CAT  \\$aBATCH-UPD$b00$c20190130$lBLL01$h1631
=CAT  \\$a12654$b40$c20210625$lBLL01$h0843
=CAT  \\$aDEL-3PM$c20210628$lBLL01$h1412
=CAT  \\$aBATCH-CLA$b00$c20221221$lBLL01$h1936
=CAT  \\$aIPL-CLA$c20221231$lBLL01$h2347
=CAT  \\$a8483$b40$c20230322$lBLL01$h1158
=CAT  \\$a12654$b40$c20230323$lBLL01$h0737
=CAT  \\$aBLDSS-3PM$b00$c20230327$lBLL01$h1216
=CAT  \\$aBATCH-UPD$b00$c20230327$lBLL01$h1216
=CAT  \\$aBATCH-FIX$c20230511$lBLL01$h1631
=CFI  0\$aCurrent Copyright Fee: zero$c22\1$e23-mar-2023$fGBP0.00$g0$hP$5Uk
=CFI  2\$aPrevious Copyright Fee: GBP25.00$c0$e01-jan-2023$fGBP25.00$g0$hA$5Uk
=FFP  \\$aY$bBLDSS-3PM
=MNI  \\$a2251-7227
=TOC  \\$aETOC
=UNO  \\$aY
=ACF  \\$aPrevious copyright fee: GBP22.50$c0$e25-jun-2021$fGBP22.50$g0$hA$5Uk
=ACF  \\$aPrevious copyright fee: zero$c22\1$e16-jan-2019$fGBP0.00$g0$hP$5Uk
=LAS  \\$aBATCH-FIX$b00$c20230511$lBLL01$h1631

