=LDR  02354cas a22005297i 4500
=001  019219369
=003  Uk
=005  20230426111129.0
=006  m\\\\\\\\d\|\\\\\\
=007  cr||||||||||||
=008  190121d19551956enkuu\p\o\\\\\0\\\a0eng\\
=FMT  \\$a  SE
=022  0\$a2632-1394$202
=040  \\$aUk$beng$cUk$erda
=042  \\$aissnuk
=110  2\$aUniversity of London.$bInstitute of Classical Studies.
=222  \0$aBulletin of the Institute of Classical Studies of the University of London. Supplementary Papers$b(Online)
=245  10$aBulletin of the Institute of Classical Studies of the University of London.$pSupplementary papers.
=246  30$aSupplementary papers
=264  \1$aLondon :$bInstitute of Classical Studies, University of London,$c1955-1956.
=336  \\$atext$2rdacontent
=337  \\$acomputer$2rdamedia
=338  \\$aonline resource$2rdacarrier
=533  \\$aElectronic reproduction.$b[Ann Arbor, Michigan?] :$cJSTOR
=588  \\$aDescription based on print version record.
=540  \\$aCurrent copyright fee: GBP32.00$c29\0$5Uk
=776  08$iAlso issued in print as:$aUniversity of London. Institute of Classical Studies.$tBulletin of the Institute of Classical Studies of the University of London. Supplementary papers$x2631-7095
=785  00$tBulletin supplement (University of London. Institute of Classical Studies. Online)$x2398-8770
=856  \\$31850-9999$uhttp://www.oxfordjournals.org/$xBLDSS
=856  40$uhttps://www.jstor.org/journal/bullunivlondsupp
=985  \\$aISSN RECORD FOR DIGITAL REPRODUCTION.
=CAT  \\$a10806$b40$c20190121$lBLL01$h1356
=CAT  \\$a10806$b40$c20190121$lBLL01$h1359
=CAT  \\$a10806$b40$c20190121$lBLL01$h1404
=CAT  \\$a12654$b40$c20200107$lBLL01$h0939
=CAT  \\$aBATCH-UNOA$c20200107$lBLL01$h2307
=CAT  \\$aBLDSS-3PM$b00$c20200116$lBLL01$h1424
=CAT  \\$aBATCH-UPD$b00$c20200116$lBLL01$h1425
=CAT  \\$aBATCH-UPD$b00$c20220308$lBLL01$h1729
=CAT  \\$aIPL-CLA$c20220331$lBLL01$h2323
=CAT  \\$aBATCH-SUPP$c20230426$lBLL01$h1111
=CFI  0\$aCurrent copyright fee: GBP32.00$c29\0$e01-apr-2022$fGBP32.00$g0$hP$5Uk
=CFI  2\$aPrevious copyright fee: GBP29.00$c29\0$e07-jan-2020$fGBP29.00$g0$hP$5Uk
=FFP  \\$aY$bBLDSS-3PM
=FIN  \\$aY$d20190121
=UNO  \\$aY
=LAS  \\$aBATCH-SUPP$b00$c20230426$lBLL01$h1111

