=LDR  01824cas a22005297i 4500
=001  019623587
=003  Uk
=005  20221231145507.0
=006  m\\\\\\\\d\|\\\\\\
=007  cr\|||||||||||
=008  191112c20209999nyuuu\p\o\\\\\0\\\a0eng\\
=FMT  \\$a  SE
=022  0\$a2662-1347$202
=040  \\$aUk$beng$cUk$erda
=042  \\$aissnuk
=082  04$a616.994$223
=210  0\$aNat. cancer
=222  \0$aNature cancer
=245  00$aNature cancer.
=264  \1$aNew York :$bNature Research,$c2020-
=336  \\$atext$2rdacontent
=337  \\$acomputer$2rdamedia
=338  \\$aonline resource$2rdacarrier
=362  0\$aVolume 1, issue 1 (January 2020)-
=540  \\$aCurrent copyright fee: GBP34.95$c16\0$5Uk
=856  4\$31850-9999$uhttp://link.springer.com/$xBLDSS
=856  40$uhttps://www.nature.com/natcancer/
=945  \\$aNature cancer.
=979  \\$aBritish Library$bDSC$j6046.280020N
=985  \\$aISSN originally assigned by the IC on behalf of Springer.
=CAT  \\$a5552$b40$c20191126$lBLL01$h1150
=CAT  \\$aBATCH-UNOA$c20191126$lBLL01$h2339
=CAT  \\$aBLDSS-3PM$b00$c20191203$lBLL01$h1407
=CAT  \\$aBATCH-UPD$b00$c20191203$lBLL01$h1409
=CAT  \\$a5410$b40$c20191211$lBLL01$h0855
=CAT  \\$a10806$b40$c20200206$lBLL01$h1444
=CAT  \\$a5552$b40$c20200316$lBLL01$h1328
=CAT  \\$aBATCH-UPD$b40$c20221121$lBLL01$h1332
=CAT  \\$aIPL-CLA$c20221231$lBLL01$h1455
=CFI  0\$aCurrent copyright fee: GBP34.95$c16\0$e01-jan-2023$fGBP34.95$g0$hP$5Uk
=CFI  2\$aPrevious copyright fee: GBP24.00$c16\0$e16-mar-2020$fGBP24.00$g0$hP$5Uk
=FFP  \\$aY$bBLDSS-3PM
=FIN  \\$aY$d20200206
=TOC  \\$aETOC
=UNO  \\$aY
=ACF  \\$aPrevious copyright fee: GBP34.00$c22\1$e26-nov-2019$fGBP34.00$g0$hP$5Uk
=LAS  \\$aIPL-CLA$b00$c20221231$lBLL01$h1455

