=LDR  01877cas a22005417i 4500
=001  019623588
=003  Uk
=005  20221231145507.0
=006  m\\\\\\\\d\|\\\\\\
=007  cr\|||||||||||
=008  191112c20209999enkuu\p\o\\\\\0\\\a0eng\\
=FMT  \\$a  SE
=022  0\$a2662-1355$202
=040  \\$aUk$beng$cUk$erda
=042  \\$aissnuk
=082  04$a363.8$223
=210  0\$aNat. food
=222  \0$aNature food
=245  00$aNature food.
=264  \1$aLondon :$bNature Research,$c2020-
=336  \\$atext$2rdacontent
=337  \\$acomputer$2rdamedia
=338  \\$aonline resource$2rdacarrier
=362  0\$aVolume 1, issue 1 (January 2020)-
=500  \\$aTitle from journal homepage (viewed February 6, 2020).
=540  \\$aCurrent copyright fee: GBP34.95$c16\0$5Uk
=856  40$uhttps://www.nature.com/natfood/
=856  4\$31850-9999$uhttp://link.springer.com/$xBLDSS
=945  \\$aNature Food.
=979  \\$aBritish Library$bDSC$j6046.622000N
=985  \\$aISSN originally assigned by IC on behalf of Springer.
=CAT  \\$a5552$b40$c20191126$lBLL01$h1154
=CAT  \\$aBATCH-UNOA$c20191126$lBLL01$h2339
=CAT  \\$aBLDSS-3PM$b00$c20191203$lBLL01$h1407
=CAT  \\$aBATCH-UPD$b00$c20191203$lBLL01$h1409
=CAT  \\$a5410$b40$c20191211$lBLL01$h0857
=CAT  \\$a10806$b40$c20200206$lBLL01$h1503
=CAT  \\$a5552$b40$c20200316$lBLL01$h1330
=CAT  \\$aBATCH-UPD$b40$c20221121$lBLL01$h1332
=CAT  \\$aIPL-CLA$c20221231$lBLL01$h1455
=CFI  0\$aCurrent copyright fee: GBP34.95$c16\0$e01-jan-2023$fGBP34.95$g0$hP$5Uk
=CFI  2\$aPrevious copyright fee: GBP24.00$c16\0$e16-mar-2020$fGBP24.00$g0$hP$5Uk
=FFP  \\$aY$bBLDSS-3PM
=FIN  \\$aY$d20200206
=TOC  \\$aETOC
=UNO  \\$aY
=ACF  \\$aPrevious copyright fee: GBP34.00$c22\1$e26-nov-2019$fGBP34.00$g0$hP$5Uk
=LAS  \\$aIPL-CLA$b00$c20221231$lBLL01$h1455

