=LDR  02770cas a2200721 i 4500
=001  019827467
=003  Uk
=005  20220930161935.0
=006  m\\\\\\\\d\|\\\\\\
=007  cr\|||||||||||
=008  191112c20149999ii\qr\p\o\\\\\0\\\a0eng\\
=FMT  \\$a  SE
=022  \\$a2348-6031
=040  \\$aUk$beng$cUk$erda
=042  \\$aukblsr
=082  04$a617.56059$223
=222  \0$aJournal of spinal surgery$b(Online)
=245  00$aJournal of spinal surgery.
=246  3\$aJOSS
=264  \1$aNew Delhi :$bJaypee Brothers Medical Publishers (P) Ltd,$c2014-
=264  31$aMumbai :$bWolters Kluwer - Medknow
=310  \\$aQuarterly
=336  \\$atext$2rdacontent
=337  \\$acomputer$2rdamedia
=338  \\$aonline resource$2rdacarrier
=362  0\$aVolume 1, issue 1 (January/March 2014)-
=588  \\$aLatest issue consulted: volume 8, issue 4 (October/December 2021).
=540  \\$aCurrent copyright fee: GBP12.50$c111\0$5Uk
=650  \0$aSpine$xDiseases$xTreatment$vPeriodicals.
=650  \0$aSpine$xSurgery$vPeriodicals.
=710  2\$aNeuro Spinal Surgeons Association,$eissuing body.
=856  \\$31850-9999$uhttp://www.medknow.com/$xBLDSS
=856  40$uhttps://www.jossworld.org/
=945  \\$aJournal of spinal surgery
=979  \\$aBritish Library$bDSC$j5066.182750N
=CAT  \\$a5552$b40$c20200702$lBLL01$h0945
=CAT  \\$a5552$b40$c20200702$lBLL01$h1004
=CAT  \\$a5552$b40$c20200702$lBLL01$h1037
=CAT  \\$aBLDSS-3PM$b00$c20200717$lBLL01$h1045
=CAT  \\$aBATCH-UPD$b00$c20200717$lBLL01$h1048
=CAT  \\$a5410$b40$c20200723$lBLL01$h1323
=CAT  \\$aBATCH-UPD$b40$c20210226$lBLL01$h1010
=CAT  \\$aIPL-CLA$c20210331$lBLL01$h1911
=CAT  \\$aBATCH-UPD$b00$c20210707$lBLL01$h1534
=CAT  \\$aIPL-CLA$c20210707$lBLL01$h2010
=CAT  \\$a10806$b40$c20220120$lBLL01$h0826
=CAT  \\$a10806$b40$c20220120$lBLL01$h0828
=CAT  \\$a8871$b40$c20220127$lBLL01$h0850
=CAT  \\$a10806$b40$c20220127$lBLL01$h0905
=CAT  \\$aBATCH-UPD$b40$c20220520$lBLL01$h1606
=CAT  \\$aIPL-CLA$c20220630$lBLL01$h1732
=CAT  \\$aBATCH-UPD$b00$c20220824$lBLL01$h0837
=CAT  \\$aIPL-CLA$c20220930$lBLL01$h1619
=CFI  0\$aCurrent copyright fee: GBP12.50$c111\0$e01-oct-2022$fGBP12.50$g0$hP$5Uk
=CFI  2\$aPrevious copyright fee: GBP12.00$c111\0$e01-jul-2022$fGBP12.00$g0$hP$5Uk
=FFP  \\$aY$bBLDSS-3PM
=FIN  \\$aY$d20220127
=MNI  \\$a0975-2625
=UNO  \\$aY
=ACF  \\$aPrevious copyright fee: GBP12.00$c111\0$e01-jul-2020$fGBP12.00$g0$hP$5Uk
=ACF  \\$aPrevious copyright fee: GBP11.11$c111\0$e01-apr-2021$fGBP11.11$g0$hP$5Uk
=ACF  \\$aPrevious copyright fee: GBP10.71$c111\0$e07-jul-2021$fGBP10.71$g0$hP$5Uk
=LAS  \\$aIPL-CLA$b00$c20220930$lBLL01$h1619

