=LDR  02534cas a2200685 i 4500
=001  019833821
=003  Uk
=005  20230223171630.0
=006  m\\\\\o\\d\\\\\\\\
=007  cr\|||||||||||
=008  200518c20209999enkfr\p\o\\\\\0\\\a0eng\c
=FMT  \\$a  SE
=010  \\$a  2020256193
=015  \\$aGBC0D2883$2bnb
=016  7\$a3019990-6$2DE-600
=022  \\$a2666-6294
=035  \\$a(OCoLC)1156177332
=040  \\$aSFB$beng$cSFB$dWAU$dUk$erda$epn
=042  \\$aukblsr
=050  \4$aT385
=082  04$a006.605$223
=222  \0$aGraphics and visual computing
=245  00$aGraphics & visual computing.
=246  1\$aGraphics and visual computing
=264  \1$aOxford :$bElsevier Ltd.,$c2020-
=300  \\$a1 online resource
=310  \\$aSemiannual
=336  \\$atext$btxt$2rdacontent
=337  \\$acomputer$bc$2rdamedia
=338  \\$aonline resource$bcr$2rdacarrier
=362  1\$aBegan with: Volume 3 (June 2020).
=540  \\$aCurrent copyright fee: zero$c5\1$5Uk
=500  \\$aRefereed/Peer-reviewed.
=588  0\$aVolume 3 (June 2020); title from cover jpeg (ScienceDirect, viewed June 23, 2020).
=588  1\$aVolume 3 (June 2020) (ScienceDirect, viewed June 23, 2020).
=650  \0$aComputer graphics$vPeriodicals.
=655  \7$aPeriodicals.$2fast$0(OCoLC)fst01411641
=780  00$tComputers & graphics. X$x2590-1486
=787  0\$tComputers & graphics (Online)$x0097-8493
=856  \\$31850-9999$uhttp://www.sciencedirect.com/$xBLDSS
=856  40$uhttps://www.sciencedirect.com/journal/graphics-and-visual-computing
=945  \\$aGraphics and Visual Computing
=979  \\$aBritish Library$bDSC$j4212.512250N
=985  \\$aUpdated by MS generated file for WR2302-017
=CAT  \\$a12654$b40$c20200708$lBLL01$h0826
=CAT  \\$aBLDSS-3PM$b00$c20200717$lBLL01$h1045
=CAT  \\$aBATCH-UPD$b00$c20200717$lBLL01$h1048
=CAT  \\$a5410$b40$c20200723$lBLL01$h1926
=CAT  \\$a5410$b40$c20200811$lBLL01$h0009
=CAT  \\$a8124$b40$c20200908$lBLL01$h1555
=CAT  \\$a8124$b40$c20200908$lBLL01$h1559
=CAT  \\$aW2302-0174$c20230223$lBLL01$h2046
=CFI  0\$aCurrent copyright fee: zero$c5\1$e08-jul-2020$fGBP0.00$g0$hP$5Uk
=FFP  \\$aY$bBLDSS-3PM
=FIN  \\$aY$d20200908
=LKR  \\$aPAR$b012432549$lBLL01$nComputers & graphics$mGraphics & visual computing$r7870
=LKR  \\$aPAR$b019620171$lBLL01$nComputers & graphics. X$mGraphics and visual computing$r78000
=SID  \\$aZ39$bOCLC
=TOC  \\$aETOC
=LAS  \\$aW2302-0174$b00$c20230223$lBLL01$h2046

