=LDR  02019cas a22005417i 4500
=001  019906537
=003  Uk
=005  20221231235049.0
=006  m\\\\\\\\d\|\\\\\\
=007  cr||||||||||||
=008  200901c20219999vb\qr\p\o\\\\\0\\\a0eng\\
=FMT  \\$a  SE
=022  0\$a2634-8284$202
=040  \\$aUk$beng$cUk$erda
=042  \\$aissnuk
=210  0\$aRev. adv. chem.$b(Online)
=222  \0$aReviews and advances in chemistry$b(Online)
=245  00$aReviews and advances in chemistry.
=264  \1$aTortola, British Virgin Islands :$bPleiades Publishing, Ltd
=310  \\$aQuarterly
=336  \\$atext$2rdacontent
=337  \\$acomputer$2rdamedia
=338  \\$aonline resource$2rdacarrier
=362  0\$aVolume 11, issue 1/2 (January 2021)-
=500  \\$aTitle from journal homepage (SpringerLink, viewed July 27, 2022).
=540  \\$aCurrent copyright fee: GBP29.95$c22\1$5Uk
=776  08$iAlso issued in print as:$tReviews and advances in chemistry$x2634-8276
=780  00$tReview journal of chemistry$x2079-9799
=856  4\$31850-9999$uhttp://link.springer.com/$xBLDSS
=856  40$uhttps://www.springer.com/journal/13392
=945  \\$aReviews and advances in chemistry
=979  \\$aBritish Library$bDSC$j7786.936000N
=CAT  \\$a10806$b40$c20200901$lBLL01$h1053
=CAT  \\$a5552$b40$c20210629$lBLL01$h1326
=CAT  \\$aBLDSS-3PM$b00$c20210708$lBLL01$h0857
=CAT  \\$aBATCH-UPD$b00$c20210708$lBLL01$h0902
=CAT  \\$a10806$b40$c20210812$lBLL01$h1137
=CAT  \\$a10806$b40$c20220727$lBLL01$h1111
=CAT  \\$aBATCH-UPD$b40$c20221121$lBLL01$h1408
=CAT  \\$aIPL-CLA$c20221231$lBLL01$h2350
=CFI  0\$aCurrent copyright fee: GBP29.95$c22\1$e01-jan-2023$fGBP29.95$g0$hP$5Uk
=CFI  2\$aPrevious copyright fee: GBP34.00$c22\1$e29-jun-2021$fGBP34.00$g0$hP$5Uk
=FFP  \\$aY$bBLDSS-3PM
=FIN  \\$aY$d20220727
=LET  \0$aReviews and advances in chemistry (Electronic)
=MNI  \\$a2634-8276
=UNO  \\$aY
=LAS  \\$aIPL-CLA$b00$c20221231$lBLL01$h2350

