=LDR  02411cas a22005777i 4500
=001  020223122
=003  Uk
=005  20220930143042.0
=006  m\\\\\\\\d\|\\\\\\
=007  cr\|||||||||||
=008  191112c20219999ne\fr\p\o\\\\\0\\\a0eng\\
=FMT  \\$a  SE
=022  \\$a2772-2716
=040  \\$aUk$beng$cUk$erda
=082  04$a615.1$223
=245  00$aRecent advances in inflammation & allergy drug discovery.
=260  \\$aBussum :$bBentham Science Publishers,$c2021-
=336  \\$atext$2rdacontent
=337  \\$acomputer$2rdamedia
=338  \\$aonline resource$2rdacarrier
=540  \\$aCurrent copyright fee: GBP48.33$c38\0$5Uk
=776  08$iAlso issued in print as:$tRecent advances in inflammation & allergy drug discovery$x2772-2708
=780  00$tRecent patents on inflammation & allergy drug discovery (Online)$x2212-2710
=856  \\$31850-9999$uhttp://benthamscience.com/$xBLDSS
=856  40$uhttps://benthamscience.com/journals/recent-advances-in-inflammation-and-allergy-drug-discovery/
=945  \\$aRecent Advances in Inflammation and Allergy Drug Discovery
=979  \\$aBritish Library$bDSC$j7303.842750N
=985  \\$aISSN not yet confirmed by ISSN Netherlands - hence no 222 (Richard, 13/05/22)
=CAT  \\$a5552$b40$c20210614$lBLL01$h1108
=CAT  \\$aBLDSS-3PM$b00$c20210623$lBLL01$h1119
=CAT  \\$aBATCH-UPD$b00$c20210623$lBLL01$h1121
=CAT  \\$a5410$b40$c20210707$lBLL01$h1321
=CAT  \\$aBATCH-UPD$b40$c20210707$lBLL01$h1628
=CAT  \\$aIPL-CLA$c20210707$lBLL01$h1845
=CAT  \\$a8055$b40$c20220510$lBLL01$h1351
=CAT  \\$a8055$b40$c20220510$lBLL01$h1404
=CAT  \\$a10806$b40$c20220513$lBLL01$h0824
=CAT  \\$a10806$b40$c20220513$lBLL01$h0827
=CAT  \\$aBATCH-UPD$b40$c20220520$lBLL01$h1708
=CAT  \\$aIPL-CLA$c20220630$lBLL01$h1541
=CAT  \\$aBATCH-UPD$b00$c20220824$lBLL01$h0931
=CAT  \\$aIPL-CLA$c20220930$lBLL01$h1430
=CFI  0\$aCurrent copyright fee: GBP48.33$c38\0$e01-oct-2022$fGBP48.33$g0$hP$5Uk
=CFI  2\$aPrevious copyright fee: GBP46.40$c38\0$e01-jul-2022$fGBP46.40$g0$hP$5Uk
=FFP  \\$aY$bBLDSS-3PM
=FIN  \\$aY$d20220513
=MNI  \\$a2772-2708
=TOC  \\$aETOC
=ACF  \\$aPrevious copyright fee: GBP42.96$c38\0$e14-jun-2021$fGBP42.96$g0$hP$5Uk
=ACF  \\$aPrevious copyright fee: GBP41.43$c38\0$e07-jul-2021$fGBP41.43$g0$hP$5Uk
=LAS  \\$aIPL-CLA$b00$c20220930$lBLL01$h1430

