=LDR  02906cas a2200757 i 4500
=001  020288797
=003  Uk
=005  20221231145523.0
=006  m\\\\\o\\d\\\\\\\\
=007  cr\|||||||||||
=008  200123c20209999si\qr\p\o\\\\\0\\\a0eng\c
=FMT  \\$a  SE
=010  \\$a  2020243090
=016  7\$a101758691$2DNLM
=022  \\$a2662-4060
=035  \\$a(OCoLC)1138031010$z(OCoLC)1136316956
=040  \\$aCNCGM$beng$cCNCGM$dNLM$dOCLCO$dOCLCQ$dOCLCA$dCUS$dOCLCO$dOCLCF$dUk$erda$epn
=042  \\$aukblsr
=050  \4$aR131.A1
=060  00$aW1
=082  04$a615.88$223
=210  0\$aAdv. trad. med.$b(Online)
=222  \0$aAdvances in traditional medicine$b(Online)
=245  00$aAdvances in traditional medicine.
=246  1\$aADTM
=264  \1$aSingapore :$bSpringer Singapore,$c2020-
=300  \\$a1 online resource
=310  \\$aQuarterly
=336  \\$atext$btxt$2rdacontent
=337  \\$acomputer$bc$2rdamedia
=338  \\$aonline resource$bcr$2rdacarrier
=362  1\$aBegan with Volume 20, issue 1 (March 2020).
=530  \\$aAlso issued in print.
=588  0\$aVolume 20, issue 1 (March 2020); title from journal home page (publisher's Web site, viewed April 8, 2020).
=588  \\$aLatest issue consulted: Voume 20, issue 3 (September 2021) (viewed October 20, 2021).
=540  \\$aCurrent copyright fee: GBP34.95$c22\1$5Uk
=650  \0$aTraditional medicine$vPeriodicals.
=650  12$aMedicine, East Asian Traditional.
=650  \7$aTraditional medicine.$2fast$0(OCoLC)fst01153974
=655  \2$aPeriodical.
=655  \7$aPeriodicals.$2fast$0(OCoLC)fst01411641
=710  2\$aKyŏnghŭi Taehakkyo.$bInstitute of Oriental Medicine,$eissuing body.
=776  08$iPrint version:$tAdvances in tradional medicine$x2662-4052
=780  00$tOriental pharmacy and experimental medicine$x2211-1069
=856  \\$31850-9999$uhttp://link.springer.com/$xBLDSS
=856  40$uhttps://link.springer.com/journal/13596
=945  \\$aAdvances in Traditional Medicine
=979  \\$aBritish Library$bDSC$j0711.631000N
=985  \\$aPrevious title on 013518876 is print version & no issues received; not linked
=CAT  \\$a5552$b40$c20210810$lBLL01$h0856
=CAT  \\$a5552$b40$c20210810$lBLL01$h0858
=CAT  \\$aBLDSS-3PM$b00$c20210817$lBLL01$h0856
=CAT  \\$aBATCH-UPD$b00$c20210817$lBLL01$h0910
=CAT  \\$a5410$b40$c20210825$lBLL01$h1149
=CAT  \\$a8124$b40$c20211020$lBLL01$h0934
=CAT  \\$aBATCH-UPD$b40$c20221121$lBLL01$h1413
=CAT  \\$aIPL-CLA$c20221231$lBLL01$h1455
=CFI  0\$aCurrent copyright fee: GBP34.95$c22\1$e01-jan-2023$fGBP34.95$g0$hP$5Uk
=CFI  2\$aPrevious copyright fee: GBP43.00$c22\1$e10-aug-2021$fGBP43.00$g0$hP$5Uk
=FFP  \\$aY$bBLDSS-3PM
=FIN  \\$aY$d20211020
=MNI  \\$a2662-4052
=SID  \\$aZ39$bOCLC
=TOC  \\$aETOC
=UNO  \\$aY
=LAS  \\$aIPL-CLA$b00$c20221231$lBLL01$h1455

