=LDR  03722cas a22008297i 4500
=001  017556257
=003  Uk
=005  20220930161323.0
=006  m\\\\\\\\d\|\\\\\\
=007  cr||||||||||||
=008  150924d19161919enkqr\p\o\\\\\0\\\a0eng\\
=FMT  \\$a  SE
=022  0\$a2059-9889$202
=040  \\$aUk$beng$cUk$erda
=042  \\$aissnuk
=130  0\$aScience progress (London, England. 1916)
=210  0\$aSci. prog.$b(1916. Online)
=222  \0$aScience progress$b(1916. Online)
=245  10$aScience progress.
=264  \1$aLondon :$bScience Reviews 2000 Ltd.,$c1916-1919.
=310  \\$aQuarterly
=336  \\$atext$2rdacontent
=337  \\$acomputer$2rdamedia
=338  \\$aonline resource$2rdacarrier
=362  0\$aVolume 11, number 41 (July 1916)-volume 13, number 52 (April 1919).
=588  \\$aLatest issue consulted: volume 13, number 52 (April 1919); title from pdf of front matter , viewed on JSTOR website, September 24, 2015.
=540  \\$aCurrent copyright fee: GBP36.32$c19\0$5Uk
=776  08$iAlso issued in print as:$tScience progress (London, England : 1916)$x2059-495X
=780  00$tScience progress in the twentieth century$x2059-9870
=785  00$tScience progress in the twentieth century (London, England. 1919)$x2059-9897
=856  \\$31850-9999$uhttp://www.uk.sagepub.com/home.nav$xBLDSS
=856  4\$uhttp://www.jstor.org/journal/scienceprog
=CAT  \\$a11315$b40$c20150924$lBLL01$h1538
=CAT  \\$a11315$b40$c20150925$lBLL01$h0910
=CAT  \\$a10806$b40$c20151009$lBLL01$h1338
=CAT  \\$a5552$b40$c20190426$lBLL01$h1151
=CAT  \\$a12654$b40$c20190429$lBLL01$h0911
=CAT  \\$a12654$b40$c20190429$lBLL01$h0915
=CAT  \\$aBATCH-UPD$b40$c20190430$lBLL01$h2333
=CAT  \\$aBLDSS-3PM$b00$c20190501$lBLL01$h1026
=CAT  \\$aBATCH-UPD$b00$c20190501$lBLL01$h1026
=CAT  \\$a10973$b40$c20190509$lBLL01$h1027
=CAT  \\$aBATCH-UPD$b40$c20190521$lBLL01$h1412
=CAT  \\$aIPL-CLA$c20190630$lBLL01$h1549
=CAT  \\$aBATCH-UPD$b00$c20190829$lBLL01$h1529
=CAT  \\$aIPL-CLA$c20190930$lBLL01$h1655
=CAT  \\$aBATCH-UPD$b00$c20200219$lBLL01$h1516
=CAT  \\$aIPL-CLA$c20200331$lBLL01$h1633
=CAT  \\$aBATCH-UPD$b00$c20200522$lBLL01$h1459
=CAT  \\$aIPL-CLA$c20200701$lBLL01$h0119
=CAT  \\$aBATCH-UPD$b00$c20210226$lBLL01$h1039
=CAT  \\$aIPL-CLA$c20210331$lBLL01$h1904
=CAT  \\$aBATCH-UPD$b00$c20210707$lBLL01$h1603
=CAT  \\$aIPL-CLA$c20210707$lBLL01$h2005
=CAT  \\$aBATCH-UPD$b00$c20220520$lBLL01$h1635
=CAT  \\$aIPL-CLA$c20220630$lBLL01$h1726
=CAT  \\$aBATCH-UPD$b00$c20220824$lBLL01$h0901
=CAT  \\$aIPL-CLA$c20220930$lBLL01$h1613
=CFI  0\$aCurrent copyright fee: GBP36.32$c19\0$e01-oct-2022$fGBP36.32$g0$hP$5Uk
=CFI  2\$aPrevious copyright fee: GBP34.86$c19\0$e01-jul-2022$fGBP34.86$g0$hP$5Uk
=FFP  \\$aY$bBLDSS-3PM
=FIN  \\$aY$d20150924
=LKR  \\$aPAR$b017556255$lBLL01$r78000$mScience progress (1916. Online)$nScience progress in the twentieth century (Online)
=UNO  \\$aY
=ACF  \\$aPrevious copyright fee: GBP30.77$c19\0$e26-apr-2019$fGBP30.77$g0$hP$5Uk
=ACF  \\$aPrevious copyright fee: GBP32.31$c19\0$e01-jul-2019$fGBP32.31$g0$hP$5Uk
=ACF  \\$aPrevious copyright fee: GBP33.60$c19\0$e01-oct-2019$fGBP33.60$g0$hP$5Uk
=ACF  \\$aPrevious copyright fee: GBP33.52$c19\0$e01-apr-2020$fGBP33.52$g0$hP$5Uk
=ACF  \\$aPrevious copyright fee: GBP34.86$c19\0$e01-jul-2020$fGBP34.86$g0$hP$5Uk
=ACF  \\$aPrevious copyright fee: GBP32.28$c19\0$e01-apr-2021$fGBP32.28$g0$hP$5Uk
=ACF  \\$aPrevious copyright fee: GBP31.13$c19\0$e07-jul-2021$fGBP31.13$g0$hP$5Uk
=LAS  \\$aIPL-CLA$b00$c20220930$lBLL01$h1613

