=LDR  02768cas a22006977i 4500
=001  018737475
=003  Uk
=005  20221231145441.0
=006  m\\\\\\\\d\|\\\\\\
=007  cr\|||||||||||
=008  180208c20109999xx\br\p\o\\\\\0\\\a0eng\\
=FMT  \\$a  SE
=022  \\$a1878-7657
=040  \\$aUk$beng$cUk$erda
=082  04$a618.97005$223
=222  \0$aEuropean geriatric medicine$b(Online)
=245  00$aEuropean geriatric medicine.
=264  \1$aIssy-les-Moulineaux :$bElsevier Masson SAS,$c2010-
=264  31$32018-$a[Place of publication not identified] :$bSpringer
=310  \\$aBimonthly
=336  \\$atext$2rdacontent
=337  \\$acomputer$2rdamedia
=338  \\$aonline resource$2rdacarrier
=540  \\$aCurrent copyright fee: GBP34.95$c22\1$5Uk
=710  2\$aEuropean Union Geriatric Medicine Society,$eissuing body.
=776  08$iPrint version, -2017:$tEuropean geriatric medicine$x1878-7649
=856  \\$31850-9999$uhttp://link.springer.com/$xBLDSS
=856  40$uhttps://link.springer.com/journal/41999
=945  \\$aEuropean geriatric medicine
=959  \\$fHeld but not currently received
=979  \\$aBritish Library$bDSC$j3829.716460N
=985  \\$aMinimal record created for ETOC on basis of ISSN record
=CAT  \\$a10806$b40$c20180208$lBLL01$h1135
=CAT  \\$a10806$b40$c20180208$lBLL01$h1137
=CAT  \\$a10806$b40$c20180208$lBLL01$h1139
=CAT  \\$a10806$b40$c20180208$lBLL01$h1158
=CAT  \\$aBLDSS-3PM$b00$c20180213$lBLL01$h1544
=CAT  \\$aBATCH-UPD$b00$c20180213$lBLL01$h1546
=CAT  \\$aBATCH-UPD$b00$c20180214$lBLL01$h0105
=CAT  \\$aBATCH-UPD$b00$c20180223$lBLL01$h1707
=CAT  \\$aIPL-CLA$c20180331$lBLL01$h1723
=CAT  \\$aBATCH-UPD$b00$c20180524$lBLL01$h1709
=CAT  \\$aIPL-CLA$c20180630$lBLL01$h1947
=CAT  \\$a5410$b40$c20191101$lBLL01$h1424
=CAT  \\$a5410$b40$c20191101$lBLL01$h1425
=CAT  \\$a5552$b40$c20210811$lBLL01$h1212
=CAT  \\$a5552$b40$c20210811$lBLL01$h1215
=CAT  \\$aIPL-CLA$c20210930$lBLL01$h1529
=CAT  \\$aBATCH-UPD$b00$c20221121$lBLL01$h1413
=CAT  \\$aIPL-CLA$c20221231$lBLL01$h1454
=CFI  0\$aCurrent copyright fee: GBP34.95$c22\1$e01-jan-2023$fGBP34.95$g0$hP$5Uk
=CFI  2\$aPrevious copyright fee: GBP43.00$c22\1$e01-oct-2021$fGBP43.00$g0$hP$5Uk
=FFP  \\$aY$bBLDSS-3PM
=FIN  \\$aY$d20180208
=LET  \0$aEuropean geriatric medicine (Electronic)
=TOC  \\$aETOC
=UNO  \\$aY
=ACF  \\$aPrevious copyright fee: GBP30.73$c22\1$e31-jan-2018$fGBP30.73$g0$hP$5Uk
=ACF  \\$aPrevious copyright fee: GBP28.54$c22\1$e01-apr-2018$fGBP28.54$g0$hP$5Uk
=ACF  \\$aPrevious copyright fee: GBP34.00$c22\1$e01-jul-2018$fGBP34.00$g0$hP$5Uk
=LAS  \\$aIPL-CLA$b00$c20221231$lBLL01$h1454

