=LDR  03854cas a22008297a 4500
=001  018738688
=003  Uk
=005  20220930143025.0
=006  m\\\\\\\\d\|||||||
=007  cr\|||||||||||
=008  180209d20102011ii\tr\p\\\\\\\0\\\a0eng\\
=FMT  \\$a  SE
=022  \\$a2229-4120
=040  \\$aUk$beng$cUk$dUk
=245  00$aJournal of advanced dental research.
=246  13$aJ. adv. dental research
=264  \1$aAhmedabad :$bInternational Society of Preventive and Community Dentistry$c2010-
=336  \\$atext$2rdacontent
=337  \\$acomputer$2rdamedia
=338  \\$aonline resource$2rdacarrier
=362  0\$a-vol 2, issue 1 (January 2011).
=500  \\$aTitle from PDF running title (SAGE journals, viewed December 11, 2018).
=588  \\$aLatest issue consulted: vol 2, issue 2 (May 2011) (SAGE journals, viewed December 11, 2018).
=540  \\$aCurrent copyright fee: GBP36.32$c19\0$5Uk
=785  00$tJournal of Academy of Advanced Dental Research
=856  \\$31850-9999$uhttp://www.uk.sagepub.com/home.nav$xBLDSS
=856  40$uhttp://www.joaor.org/archives.html
=945  \\$aJournal of advanced dental research.
=979  \\$aBritish Library$bDSC$j4918.945762N
=985  \\$a3rd party access title for Remote supply please retain as base record when merging/deleting
=985  \\$aQuery from P. Thurlow re. "Journal of Academy of Advanced Oral Research volume 7 issue 3"; only this title for one issue (vol. 2, issue 2) -785 added; vol 2, issue 3 continued as 018826759.
=CAT  \\$a5552$b40$c20180209$lBLL01$h1420
=CAT  \\$aBLDSS-3PM$b00$c20180213$lBLL01$h1544
=CAT  \\$aBATCH-UPD$b00$c20180213$lBLL01$h1546
=CAT  \\$aBATCH-UPD$b00$c20180214$lBLL01$h0104
=CAT  \\$aBATCH-UPD$b00$c20180223$lBLL01$h1655
=CAT  \\$aIPL-CLA$c20180331$lBLL01$h1723
=CAT  \\$aBATCH-UPD$b00$c20180823$lBLL01$h1930
=CAT  \\$aIPL-CLA$c20180930$lBLL01$h1522
=CAT  \\$a3072$b40$c20181211$lBLL01$h1430
=CAT  \\$aBATCH-UPD$b40$c20190521$lBLL01$h1412
=CAT  \\$aIPL-CLA$c20190630$lBLL01$h1550
=CAT  \\$aBATCH-UPD$b00$c20190829$lBLL01$h1529
=CAT  \\$aIPL-CLA$c20190930$lBLL01$h1659
=CAT  \\$aBATCH-UPD$b00$c20200219$lBLL01$h1516
=CAT  \\$aIPL-CLA$c20200331$lBLL01$h1638
=CAT  \\$aBATCH-UPD$b00$c20200522$lBLL01$h1459
=CAT  \\$aIPL-CLA$c20200701$lBLL01$h0124
=CAT  \\$aBATCH-UPD$b00$c20210226$lBLL01$h1039
=CAT  \\$aIPL-CLA$c20210331$lBLL01$h1704
=CAT  \\$aBATCH-UPD$b00$c20210707$lBLL01$h1603
=CAT  \\$aIPL-CLA$c20210707$lBLL01$h1845
=CAT  \\$aBATCH-UPD$b00$c20220520$lBLL01$h1635
=CAT  \\$aIPL-CLA$c20220630$lBLL01$h1541
=CAT  \\$aBATCH-UPD$b00$c20220824$lBLL01$h0901
=CAT  \\$aIPL-CLA$c20220930$lBLL01$h1430
=CFI  0\$aCurrent copyright fee: GBP36.32$c19\0$e01-oct-2022$fGBP36.32$g0$hP$5Uk
=CFI  2\$aPrevious copyright fee: GBP34.86$c19\0$e01-jul-2022$fGBP34.86$g0$hP$5Uk
=FFP  \\$aY$bBLDSS-3PM
=MNI  \\$a2229-4112
=TOC  \\$aETOC
=UNO  \\$aY
=ACF  \\$aPrevious copyright fee: GBP30.77$c19\0$e09-feb-2018$fGBP30.77$g0$hP$5Uk
=ACF  \\$aPrevious copyright fee: GBP28.57$c19\0$e01-apr-2018$fGBP28.57$g0$hP$5Uk
=ACF  \\$aPrevious copyright fee: GBP30.77$c19\0$e01-oct-2018$fGBP30.77$g0$hP$5Uk
=ACF  \\$aPrevious copyright fee: GBP32.31$c19\0$e01-jul-2019$fGBP32.31$g0$hP$5Uk
=ACF  \\$aPrevious copyright fee: GBP33.60$c19\0$e01-oct-2019$fGBP33.60$g0$hP$5Uk
=ACF  \\$aPrevious copyright fee: GBP33.52$c19\0$e01-apr-2020$fGBP33.52$g0$hP$5Uk
=ACF  \\$aPrevious copyright fee: GBP34.86$c19\0$e01-jul-2020$fGBP34.86$g0$hP$5Uk
=ACF  \\$aPrevious copyright fee: GBP32.28$c19\0$e01-apr-2021$fGBP32.28$g0$hP$5Uk
=ACF  \\$aPrevious copyright fee: GBP31.13$c19\0$e07-jul-2021$fGBP31.13$g0$hP$5Uk
=LAS  \\$aIPL-CLA$b00$c20220930$lBLL01$h1430

