=LDR  01695 as a22004697i 4500
=001  018816369
=003  Uk
=005  20180410110615.0
=006  m\\\\\\\\d\|||||||
=007  cr||||||||||||
=008  170803c20179999enkuu\p\\\\\\\0\\\a0eng\\
=FMT  \\$a  SE
=022  0\$a2366-6196$202
=040  \\$aUk$beng$cUk$erda
=042  \\$aissnuk
=222  \0$aCancer convergence
=245  00$aCancer convergence.
=264  \1$aLondon :$bSpringer Open$c[2017]-
=336  \\$atext$2rdacontent
=337  \\$acomputer$2rdamedia
=338  \\$aonline resource$2rdacarrier
=588  \\$aDescription based on ISSN Portal record.
=540  \\$aCurrent copyright fee: zero$c22\1$5Uk
=780  00$tConvergence in cancer research
=856  4\$31850-9999$uhttp://link.springer.com/$xBLDSS
=856  40$uhttps://link.springer.com/journal/41236
=856  40$uhttps://cancerconvergence.springeropen.com/
=945  \\$aCancer convergence.
=979  \\$aBritish Library$bDSC$j3046.472600N
=985  \\$a3rd party access title for Remote supply please retain as base record when merging/deleting
=985  \\$aISSN UK Centre note: responsibility transferred to ISSN UK Centre (IC Springer Nature project) 9.4.18.
=CAT  \\$a5552$b40$c20180329$lBLL01$h1339
=CAT  \\$aBLDSS-3PM$b00$c20180403$lBLL01$h1659
=CAT  \\$aBATCH-UPD$b00$c20180403$lBLL01$h1702
=CAT  \\$a10973$b40$c20180409$lBLL01$h1440
=CAT  \\$a10973$b40$c20180409$lBLL01$h1523
=CAT  \\$a5410$b40$c20180410$lBLL01$h1106
=CFI  0\$aCurrent copyright fee: zero$c22\1$e29-mar-2018$fGBP0.00$g0$hP$5Uk
=FFP  \\$aY$bBLDSS-3PM
=FIN  \\$aY$d20180409
=UNO  \\$aY
=LAS  \\$a5410$b40$c20180410$lBLL01$h1106

