=LDR  01462cas a22004097a 4500
=001  018822160
=003  Uk
=005  20230227095239.0
=006  m\\\\\\\\d\|||||||
=007  cr\|||||||||||
=008  170803d20132022gw\uu\j\\\\\\\0\\\a0eng\\
=FMT  \\$a  SE
=022  \\$a2196-2804
=040  \\$aUk$beng$cUk
=222  \0$aInternational journal of food contamination
=245  00$aInternational journal of food contamination.
=264  \1$aHeidelberg :$bSpringer$c2013-2022.
=336  \\$atext$2rdacontent
=337  \\$acomputer$2rdamedia
=338  \\$aonline resource$2rdacarrier
=540  \\$aCurrent copyright fee: zero$c22\1$5Uk
=785  00$tFood safety and risk$x2731-9245
=856  \\$31850-9999$uhttp://link.springer.com/$xBLDSS
=856  40$uhttps://foodsafetyandrisk.biomedcentral.com/
=945  \\$aInternational journal of food contamination.
=979  \\$aBritish Library$bDSC$j4542.252917N
=985  \\$a3rd party access title for Remote supply please retain as base record when merging/deleting
=CAT  \\$a5552$b40$c20180403$lBLL01$h1146
=CAT  \\$aBLDSS-3PM$b00$c20180409$lBLL01$h1027
=CAT  \\$aBATCH-UPD$b00$c20180409$lBLL01$h1027
=CAT  \\$a5410$b40$c20180420$lBLL01$h1336
=CAT  \\$a10806$b40$c20230227$lBLL01$h0952
=CFI  0\$aCurrent copyright fee: zero$c22\1$e03-apr-2018$fGBP0.00$g0$hP$5Uk
=FFP  \\$aY$bBLDSS-3PM
=FIN  \\$aY$d20230227
=UNO  \\$aY
=LAS  \\$a10806$b40$c20230227$lBLL01$h0952

