=LDR  02427 as a22005657a 4500
=001  018822745
=003  Uk
=005  20191028120512.0
=006  m\\\\\\\\d\|||||||
=007  cr\|||||||||||
=008  170803c19409999enkqr\p\\\\\\\0\\\a0eng\\
=FMT  \\$a  SE
=022  0\$a2235-6282$202
=040  \\$aUk$beng$cUk
=042  \\$aissnuk
=210  0\$aSwiss j. econ. stat.$b(Online)
=222  \0$aSwiss journal of economics and statistics$b(Online)
=245  00$aSwiss journal of economics and statistics.
=264  \1$aZürich :$bSwiss Society of Economics and Statistics (SSES)$c1940-
=264  31$32018-$aLondon :$bSpringerOpen
=336  \\$atext$2rdacontent
=337  \\$acomputer$2rdamedia
=338  \\$aonline resource$2rdacarrier
=540  \\$aCurrent copyright fee: zero$c22\1$5Uk
=588  \\$aLatest issue consulted: 154:21 (2018) (SpringerOpen, viewed November 19, 2018).
=776  08$tZeitschrift für schweizerische Statistik und Volkswirtschaft$x1421-2110
=776  08$tSchweizerische Zeitschrift für Volkswirtschaft und Statistik$x0303-9692
=776  08$iAlso issued in print as:$tSwiss journal of economics and statistics$g2018-$x2673-2777
=856  \\$31850-9999$uhttp://link.springer.com/$xBLDSS
=856  40$uhttps://sjes.springeropen.com/
=945  \\$aSwiss journal of economics and statistics.
=979  \\$aBritish Library$bDSC$j7953.362500
=985  \\$a3rd party access title for Remote supply please retain as base record when merging/deleting
=985  \\$aISSN responsibility transferred from ISSN Switzerland to ISSN UK, 19/11/18.
=985  \\$a776/08 ISSN 2673-2777 added at request of ISSN Switzerland, 28/10/19 (Richard). May be too early to match with Swiss record? May lead to error in proofreading but should resolve week after.
=CAT  \\$a5552$b40$c20180405$lBLL01$h0915
=CAT  \\$aBLDSS-3PM$b00$c20180409$lBLL01$h1027
=CAT  \\$aBATCH-UPD$b00$c20180409$lBLL01$h1027
=CAT  \\$a10806$b40$c20181119$lBLL01$h1413
=CAT  \\$a10806$b40$c20181119$lBLL01$h1417
=CAT  \\$a10806$b40$c20191028$lBLL01$h1155
=CAT  \\$a10806$b40$c20191028$lBLL01$h1200
=CAT  \\$a10806$b40$c20191028$lBLL01$h1205
=CFI  0\$aCurrent copyright fee: zero$c22\1$e05-apr-2018$fGBP0.00$g0$hP$5Uk
=FFP  \\$aY$bBLDSS-3PM
=FIN  \\$aY$d20181119
=MNI  \\$a0303-9692
=TOC  \\$aETOC
=UNO  \\$aY
=LAS  \\$a10806$b40$c20191028$lBLL01$h1205

