=LDR  02217cas a22005657i 4500
=001  018929864
=003  Uk
=005  20221231145448.0
=006  m\\\\\\\\d\|\\\\\\
=007  cr||||||||||||
=008  180702c20199999vb\br\p\o\\\\\0\\\a0eng\\
=FMT  \\$a  SE
=022  0\$a2517-7524$202
=040  \\$aUk$beng$cUk$erda
=042  \\$aissnuk
=222  \0$aMembranes and membrane technologies$b(Online)
=245  00$aMembranes and membrane technologies.
=264  \1$aTortola, British Virgin Islands :$bPleiades Publishing Ltd
=310  \\$aBimonthly
=336  \\$atext$2rdacontent
=337  \\$acomputer$2rdamedia
=338  \\$aonline resource$2rdacarrier
=588  \\$aDescription based on: volume 1, number 1 (January-February 2019) ; title from pdf caption (SpringerLink web site, viewed July 2, 2019).
=540  \\$aCurrent copyright fee: GBP29.95$c22\1$5Uk
=776  08$iAlso issued in print as:$tMembranes and membrane technologies$x2517-7516
=856  40$31850-9999$uhttps://link.springer.com/journal/volumesAndIssues/42755$xBLDSS
=856  40$uhttps://www.springer.com/chemistry/polymer+science/journal/42755
=945  \\$aMembranes and membrane technologies.
=979  \\$aBritish Library$bDSC$j5548.038500N
=CAT  \\$a11313$b40$c20180702$lBLL01$h1434
=CAT  \\$a5552$b40$c20181206$lBLL01$h0928
=CAT  \\$aIPL-CLA$c20181231$lBLL01$h1556
=CAT  \\$aBLDSS-3PM$b00$c20190115$lBLL01$h1425
=CAT  \\$aBATCH-UPD$b00$c20190115$lBLL01$h1430
=CAT  \\$a5997$b40$c20190702$lBLL01$h1408
=CAT  \\$a5997$b40$c20190709$lBLL01$h0741
=CAT  \\$a5997$b40$c20190710$lBLL01$h0907
=CAT  \\$a11313$b40$c20190712$lBLL01$h1103
=CAT  \\$a8250$b40$c20200722$lBLL01$h1530
=CAT  \\$aBATCH-UPD$b40$c20221121$lBLL01$h1407
=CAT  \\$aIPL-CLA$c20221231$lBLL01$h1454
=CFI  0\$aCurrent copyright fee: GBP29.95$c22\1$e01-jan-2023$fGBP29.95$g0$hP$5Uk
=CFI  2\$aPrevious copyright fee: GBP34.00$c22\1$e01-jan-2019$fGBP34.00$g0$hP$5Uk
=FFP  \\$aY$bBLDSS-3PM
=FIN  \\$aY$d20190702
=LET  \0$aMembranes and membrane technologies (Electronic)
=MNI  \\$a2517-7516
=TOC  \\$aETOC
=UNO  \\$aY
=LAS  \\$aIPL-CLA$b00$c20221231$lBLL01$h1454

