=LDR  02151cas a22005657a 4500
=001  019014809
=003  Uk
=005  20230428114612.0
=006  m\\\\\\\\d\|||||||
=007  cr\|||||||||||
=008  170803c20199999enkmr\p\o\\\\\0\\\a0eng\\
=FMT  \\$a  SE
=022  0\$a2522-5839$202
=040  \\$aUk$beng$cUk$dUk$erda
=042  \\$aissnuk
=082  04$a006.3$223
=210  0\$aNat. mach. intell.
=222  \0$aNature machine intelligence
=245  00$aNature machine intelligence.
=264  \1$aLondon :$bNature Research,$c2019-
=310  \\$aMonthly
=336  \\$atext$2rdacontent
=337  \\$acomputer$2rdamedia
=338  \\$aonline resource$2rdacarrier
=362  0\$aNo. 1 (January 2019)-
=540  \\$aCurrent copyright fee: GBP34.95$c16\0$5Uk
=856  4\$31850-9999$uhttp://www.nature.com/$xBLDSS
=856  40$uhttps://www.nature.com/natmachintell/
=945  \\$aNature machine intelligence.
=979  \\$aBritish Library$bDSC$j6046.860000N
=985  \\$aISSN UK Centre note: responsibility transferred to ISSN UK Centre (IC Springer Nature project) 9.4.18
=985  \\$aISSN UK Centre: ROAD coding removed at request of IC. Not fully OA, transformative journal, includes OA and subscription content 28/4/23.
=985  \\$a3rd party access title for Remote supply please retain as base record when merging/deleting
=CAT  \\$a5552$b40$c20180810$lBLL01$h1446
=CAT  \\$aBLDSS-3PM$b00$c20180817$lBLL01$h0842
=CAT  \\$aBATCH-UPD$b00$c20180817$lBLL01$h0844
=CAT  \\$a8250$b40$c20190129$lBLL01$h1453
=CAT  \\$a10806$b40$c20190213$lBLL01$h0849
=CAT  \\$a10806$b40$c20190213$lBLL01$h0904
=CAT  \\$aBATCH-UPD$b40$c20221121$lBLL01$h1332
=CAT  \\$aIPL-CLA$c20221231$lBLL01$h1454
=CAT  \\$a10973$b40$c20230428$lBLL01$h1145
=CAT  \\$a10973$b40$c20230428$lBLL01$h1146
=CFI  0\$aCurrent copyright fee: GBP34.95$c16\0$e01-jan-2023$fGBP34.95$g0$hP$5Uk
=CFI  2\$aPrevious copyright fee: GBP24.00$c16\0$e10-aug-2018$fGBP24.00$g0$hP$5Uk
=FFP  \\$aY$bBLDSS-3PM
=FIN  \\$aY$d20190213
=TOC  \\$aETOC
=UNO  \\$aY
=LAS  \\$a10973$b40$c20230428$lBLL01$h1146

