=LDR  02070 as a22005057i 4500
=001  019250948
=003  Uk
=005  20210707115744.0
=006  m\\\\\\\\d\|||||||
=007  cr\|||||||||||
=008  190212c20129999enkbr\p\\\\\\\0\\\a0eng\\
=FMT  \\$a  SE
=022  0\$a2281-4612$202
=040  \\$aUk$beng$cUk$erda
=042  \\$aissnuk
=210  0\$aAcad. j. interdiscip. stud.$b(Online)
=222  \0$aAcademic journal of interdisciplinary studies$b(Online)
=245  00$aAcademic journal of interdisciplinary studies.
=264  \1$aRome :$bMediterranean Center of Social and Educational Research$c2012-
=264  31$aLondon :$bRichtmann Publishing
=310  \\$aBimonthly
=336  \\$atext$2rdacontent
=337  \\$acomputer$2rdamedia
=338  \\$aonline resource$2rdacarrier
=588  \\$aLatest issue consulted: volume 10, number 3 (Richtmann Publishing website, viewed July 7, 2021).
=540  \\$aCurrent copyright fee: zero$c56\0$5Uk
=710  2\$aMediterranean Center of Social and Educational Research,$eissuing body.
=776  08$iAlso issued in print as:$tAcademic journal of interdisciplinary studies$x2281-3993
=856  4\$31850-9999$uhttp://www.degruyter.com/$xBLDSS
=856  40$uhttps://www.richtmann.org/journal/index.php/ajis/index
=945  \\$aAcademic journal of interdisciplinary studies.
=979  \\$aBritish Library$bDSC$j0570.512645N
=985  \\$a3rd party access title for Remote supply please retain as base record when merging/deleting
=985  \\$aISSN responsibility transferred from ISSN Italy to ISSN UK, July 2021.
=CAT  \\$a5552$b40$c20190212$lBLL01$h1430
=CAT  \\$aBLDSS-3PM$b00$c20190221$lBLL01$h0756
=CAT  \\$aBATCH-UPD$b00$c20190221$lBLL01$h0758
=CAT  \\$a10806$b40$c20210707$lBLL01$h1157
=CFI  0\$aCurrent copyright fee: zero$c56\0$e12-feb-2019$fGBP0.00$g0$hP$5Uk
=FFP  \\$aY$bBLDSS-3PM
=FIN  \\$aY$d20210707
=LET  \0$aAcademic journal of interdisciplinary studies (Electronic)
=TOC  \\$aETOC
=UNO  \\$aY
=LAS  \\$a10806$b40$c20210707$lBLL01$h1157

