=LDR  02379cas a2200601 a 4500
=001  016263915
=003  Uk
=005  20221231232018.0
=006  m\\\\\|\\d\|\\\\\\
=007  cr\|||||||||||
=008  130201c20119999hu\qr\p\o\\\\\0\\\a0eng\\
=FMT  \\$a  SE
=022  0\$a2063-0212$l2062-249X
=040  \\$aUk$beng$cUk$dUk
=082  04$a543.22$223
=210  0\$aJ. flow chem.$b(Online)
=222  \0$aJournal of flow chemistry$b(Online)
=245  00$aJournal of flow chemistry :$bjournal of the Flow Chemistry Society.
=260  \\$aBudapest :$bAkadémiai Kiadó,$c2011-
=310  \\$aFour issues a year
=336  \\$atext$2rdacontent
=337  \\$acomputer$2rdamedia
=338  \\$aonline resource$2rdacarrier
=362  1\$aBegan with volume 1, number 1 (August 2011).
=590  \\$aRoute FAILED DSC EXTENDED searches to Records Team
=540  \\$aCurrent copyright fee: GBP29.95$c22\1$5Uk
=650  \0$aFlow chemistry.
=776  08$iAlso issued in print as:$tJournal of flow chemistry$x2062-249X
=856  \\$31850-9999$uhttp://akkrt.hu/$xBLDSS
=856  40$uhttp://www.akademiai.com/content/122156
=945  \\$aJournal of flow chemistry
=979  \\$aBritish Library$bDSC$j4984.415000N
=CAT  \\$a5552$b40$c20130201$lBLL01$h1425
=CAT  \\$a5552$b40$c20130201$lBLL01$h1434
=CAT  \\$a8201$b40$c20141006$lBLL01$h1537
=CAT  \\$aBLDSS-3PM$b00$c20150131$lBLL01$h2315
=CAT  \\$aBATCH-UPD$b00$c20160413$lBLL01$h1826
=CAT  \\$a5552$b40$c20180130$lBLL01$h1317
=CAT  \\$aBATCH-UPD$b40$c20180223$lBLL01$h1706
=CAT  \\$aIPL-CLA$c20180331$lBLL01$h1703
=CAT  \\$a5410$b40$c20180403$lBLL01$h1600
=CAT  \\$aBATCH-UPD$b40$c20180524$lBLL01$h1709
=CAT  \\$aIPL-CLA$c20180630$lBLL01$h1937
=CAT  \\$aBATCH-UPD$b00$c20221121$lBLL01$h1405
=CAT  \\$aIPL-CLA$c20221231$lBLL01$h2320
=CFI  0\$aCurrent copyright fee: GBP29.95$c22\1$e01-jan-2023$fGBP29.95$g0$hP$5Uk
=CFI  2\$aPrevious copyright fee: GBP34.00$c22\1$e01-jul-2018$fGBP34.00$g0$hP$5Uk
=FFP  \\$aY$bBLDSS-3PM
=UNO  \\$aY
=ACF  \\$aPrevious copyright fee: GBP16.00$c83\0$e01-feb-2013$fGBP16.00$g0$hP$5Uk
=ACF  \\$aPrevious copyright fee: GBP30.73$c22\1$e30-jan-2018$fGBP30.73$g0$hP$5Uk
=ACF  \\$aPrevious copyright fee: GBP28.54$c22\1$e01-apr-2018$fGBP28.54$g0$hP$5Uk
=LAS  \\$aIPL-CLA$b00$c20221231$lBLL01$h2320

