=LDR  02524 as a2200625 a 4500
=001  016263927
=003  Uk
=005  20141006170309.0
=006  m\\\\\o\\d\\\\\\\\
=007  cr\cnu||||||||
=008  090821c20099999hu\uu\p\o\\\\\0\\\a0eng\d
=FMT  \\$a  SE
=022  0\$a2060-9175$l1789-3186
=035  \\$a(OCoLC)702331842
=040  \\$aLGG$cLGG$dOCLCQ$dUWW$dOCLCO$dOCLCF$dOCLCO$dUk
=050  \4$aBF311
=060  00$aW1$bLE289GH
=082  04$a153.7$223
=210  10$aLearn Percept$2dnlm
=222  \0$aLearning & perception$b(Online)
=245  00$aLearning & perception$h[electronic resource].
=260  \\$aBudapest :$bAkadémiai Kiadó,$c2009-
=336  \\$atext$2rdacontent
=337  \\$acomputer$2rdamedia
=338  \\$aonline resource$2rdacarrier
=362  1\$aBegan with Vol. 1, no. 1 (June 2009).
=590  \\$aRoute FAILED DSC EXTENDED searches to Records Team
=540  \\$aCurrent copyright fee: GBP16.00$c83\0$5Uk
=510  0\$aPubMed$bDate range of indexed citations unspecified
=515  \\$aVol. 1, no. 1 preceded by Vol. 1, suppl. 1 (2009).
=525  \\$aSupplements accompany some volumes.
=588  \\$aDescription based on: Vol. 1, no. 1 (June 2009); title from cover.
=538  \\$aMode of access: World Wide Web.
=650  \0$aPerception$vPeriodicals.
=650  \0$aCognition$vPeriodicals.
=650  \0$aLearning$vPeriodicals.
=776  08$iAlso issued in print as:$tLearning & perception (Print)$x1789-3186
=856  \\$31850-9999$uhttp://akkrt.hu/$xBLDSS
=856  40$uhttp://mclink.library.mcgill.ca/sfx?url_ver=Z39.88-2004&ctx_ver=Z39.88-2004&ctx_enc=info:ofi/enc:UTF-8&rfr_id=info:sid/sfxit.com:opac_856&url_ctx_fmt=info:ofi/fmt:kev:mtx:ctx&sfx.ignore_date_threshold=1&rft.object_id=1000000000725527&svc_val_fmt=info:ofi/fmt:kev:mtx:sch_svc&
=856  40$uhttp://www.akademiai.com/content/1789-3186
=945  \\$aLearning and perception
=979  \\$aBritish Library$bDSC$j5179.326005N
=CAT  \\$a5552$b40$c20130201$lBLL01$h1430
=CAT  \\$a5552$b40$c20130201$lBLL01$h1434
=CAT  \\$a8201$b40$c20141006$lBLL01$h1703
=CAT  \\$aBLDSS-3PM$b00$c20150131$lBLL01$h2315
=CAT  \\$aWR15_124$c20150910$lBLL01$h1607
=CAT  \\$aBATCH-UPD$b00$c20160413$lBLL01$h1826
=CAT  \\$aBATCH-UPD$b00$c20190909$lBLL01$h0647
=CFI  0\$aCurrent copyright fee: GBP16.00$c83\0$e01-feb-2013$fGBP16.00$g0$hP$5Uk
=FFP  \\$aY$bBLDSS-3PM
=SID  \\$aZ39$bOCLC
=TOC  \\$aETOC
=UNO  \\$aY
=LAS  \\$aBATCH-UPD$b00$c20190909$lBLL01$h0647

