=LDR  03697cas a2200829 a 4500
=001  016297196
=003  Uk
=005  20221231145145.0
=006  m\\\\\|\\d\|\\\\\\
=007  cr\|||||||||||
=008  130308d20042006hu\\x\p\o\\\\\0\\\a0eng\\
=FMT  \\$a  SE
=022  0\$a1786-3767$l1589-9535
=040  \\$aUk$beng$cUk$dUk
=082  04$a537.5$223
=210  0\$aActa phys. Hung., B Quantum electron.$b(Online)
=222  \0$aActa physica Hungarica. B, Quantum electronics$b(Online)
=245  00$aActa physica Hungarica..$nB,$pQuantum electronics.
=260  \\$aBudapest :$bAkadémiai Kiadó,$c2004-2006.
=310  \\$aIrregular
=336  \\$atext$2rdacontent
=337  \\$acomputer$2rdamedia
=338  \\$aonline resource$2rdacarrier
=362  0\$aVol. 20, no. 1/2 (2004)-vol. 26, no. 3/4 (2006)
=590  \\$aRoute FAILED DSC EXTENDED searches to Records Team
=540  \\$aCurrent copyright fee: GBP29.95$c22\1$5Uk
=650  \0$aQuantum electronics$vPeriodicals.
=776  08$iAlso issued in print as:$tActa physica Hungarica. B, Quantum electronics (Print)$x1589-9535
=785  04$tEuropean physical journal. D, Atomic, molecular, optical and plasma physics (Online)$x1434-6079
=856  \\$31850-9999$uhttp://akkrt.hu/$xBLDSS
=856  40$uhttp://akkrt.hu/69/journals/products/physics/acta_physica_hungarica_quantum_electronics_eng
=945  \\$aActa physica Hungarica quantum electronics
=979  \\$aBritish Library$bDSC$j0649.077500N
=CAT  \\$a5552$b40$c20130308$lBLL01$h1557
=CAT  \\$a5552$b40$c20130312$lBLL01$h0938
=CAT  \\$a8201$b40$c20141007$lBLL01$h1124
=CAT  \\$aBLDSS-3PM$b00$c20150131$lBLL01$h2315
=CAT  \\$a12654$b40$c20150803$lBLL01$h0834
=CAT  \\$a12654$b40$c20150803$lBLL01$h0847
=CAT  \\$aBATCH-UPD$b40$c20150820$lBLL01$h1753
=CAT  \\$a5552$b40$c20150908$lBLL01$h1425
=CAT  \\$aIPL-CLA$c20150930$lBLL01$h1847
=CAT  \\$aBATCH-UPD$b00$c20160217$lBLL01$h1640
=CAT  \\$aIPL-CLA$c20160331$lBLL01$h1811
=CAT  \\$aBATCH-UPD$b00$c20160413$lBLL01$h1826
=CAT  \\$aBATCH-UPD$b00$c20160824$lBLL01$h1717
=CAT  \\$aBATCH-UPD$b00$c20160824$lBLL01$h1749
=CAT  \\$aIPL-CLA$c20160930$lBLL01$h1638
=CAT  \\$aBATCH-UPD$b00$c20170216$lBLL01$h1804
=CAT  \\$aIPL-CLA$c20170331$lBLL01$h1916
=CAT  \\$aBATCH-UPD$b00$c20170904$lBLL01$h1805
=CAT  \\$aIPL-CLA$c20170929$lBLL01$h1801
=CAT  \\$aBATCH-UPD$b00$c20180223$lBLL01$h1622
=CAT  \\$aIPL-CLA$c20180331$lBLL01$h1704
=CAT  \\$aBATCH-UPD$b00$c20180524$lBLL01$h1654
=CAT  \\$aIPL-CLA$c20180630$lBLL01$h1937
=CAT  \\$aBATCH-UPD$b00$c20221121$lBLL01$h1405
=CAT  \\$aIPL-CLA$c20221231$lBLL01$h1451
=CFI  0\$aCurrent copyright fee: GBP29.95$c22\1$e01-jan-2023$fGBP29.95$g0$hP$5Uk
=CFI  2\$aPrevious copyright fee: GBP34.00$c22\1$e01-jul-2018$fGBP34.00$g0$hP$5Uk
=FFP  \\$aY$bBLDSS-3PM
=TOC  \\$aETOC
=UNO  \\$aY
=ACF  \\$aPrevious copyright fee: GBP16.00$c83\0$e08-mar-2013$fGBP16.00$g0$hP$5Uk
=ACF  \\$aPrevious copyright fee: GBP26.63$c13\1$e03-aug-2015$fGBP26.63$g0$hP$5Uk
=ACF  \\$aPrevious copyright fee: GBP25.77$c13\1$e01-oct-2015$fGBP25.77$g0$hP$5Uk
=ACF  \\$aPrevious copyright fee: GBP27.55$c13\1$e01-apr-2016$fGBP27.55$g0$hP$5Uk
=ACF  \\$aPrevious copyright fee: GBP29.59$c13\1$e01-oct-2016$fGBP29.59$g0$hP$5Uk
=ACF  \\$aPrevious copyright fee: GBP31.96$c13\1$e01-apr-2017$fGBP31.96$g0$hP$5Uk
=ACF  \\$aPrevious copyright fee: GBP30.73$c13\1$e01-oct-2017$fGBP30.73$g0$hP$5Uk
=ACF  \\$aPrevious copyright fee: GBP28.54$c13\1$e01-apr-2018$fGBP28.54$g0$hP$5Uk
=LAS  \\$aIPL-CLA$b00$c20221231$lBLL01$h1451

