=LDR  02802cas a2200733 i 4500
=001  016323766
=003  Uk
=005  20230511163048.0
=006  m\\\\\|\\d\|\\\\\\
=007  cr\|||||||||||
=008  130422c20029999gw\mr\p\o\\\\\0\\\b0mul\\
=FMT  \\$a  SE
=022  0\$a1619-6597$y1521-3722
=040  \\$aUk$beng$cUk$erda
=041  0\$ager$aeng
=042  \\$aukblsr
=082  04$a530.05$223
=210  0\$aPhys.-J.$b(Internet)
=222  \0$aPhysik-Journal$b(Internet)
=245  00$aPhysik Journal.
=264  \1$a[Weinheim] :$b[Wiley Interscience GmbH]
=310  \\$aMonthly
=336  \\$atext$2rdacontent
=337  \\$acomputer$2rdamedia
=338  \\$aonline resource$2rdacarrier
=362  0\$a01/2002-
=500  \\$aTitle from journal home page (Wiley Interscience GmbH website, viewed April 30, 2013).
=588  \\$aLatest issue consulted: 05/2013 (viewed April 30, 2013).
=540  \\$aCurrent Copyright Fee: GBP32.00$c35\0$5Uk
=650  \0$aPhysics$vPeriodicals.
=776  08$iAlso issued in print as:$tPhysik Journal$x1617-9439
=780  00$tPhysikalische Blätter$x1521-3722
=856  \\$31850-9999$uhttp://onlinelibrary.wiley.com/$xBLDSS
=856  40$uhttp://www.pro-physik.de/phy/physik/journalHome.html
=945  \\$aPhysik Journal.
=979  \\$aBritish Library$bDSC$j6479.759500
=CAT  \\$a10983$b40$c20130422$lBLL01$h0940
=CAT  \\$a11315$b40$c20130514$lBLL01$h0941
=CAT  \\$a11315$b40$c20130514$lBLL01$h1003
=CAT  \\$aBATCH-CLA$b00$c20130531$lBLL01$h1652
=CAT  \\$aIPL-CLA$c20130701$lBLL01$h0157
=CAT  \\$aBATCH-CLA$b00$c20131129$lBLL01$h1704
=CAT  \\$aIPL-CLA$c20140101$lBLL01$h0210
=CAT  \\$aBATCH-CLA$b00$c20140228$lBLL01$h1619
=CAT  \\$aIPL-CLA$c20140331$lBLL01$h1642
=CAT  \\$a11279$b40$c20141009$lBLL01$h1137
=CAT  \\$aBATCH-CLA$b00$c20150828$lBLL01$h1542
=CAT  \\$aIPL-CLA$c20150930$lBLL01$h1848
=CAT  \\$a5552$b40$c20200114$lBLL01$h1430
=CAT  \\$aBLDSS-3PM$b00$c20200124$lBLL01$h0859
=CAT  \\$aBATCH-UPD$b00$c20200124$lBLL01$h0900
=CAT  \\$aBATCH-FIX$c20230511$lBLL01$h1630
=CFI  0\$aCurrent Copyright Fee: GBP32.00$c35\0$e14-jan-2020$fGBP32.00$g0$hP$5Uk
=CFI  2\$aPrevious Copyright Fee: GBP24.00$c0$e01-oct-2015$fGBP24.00$g0$hC$5Uk
=FFP  \\$aY$bBLDSS-3PM
=FIN  \\$aY$d20130514
=LKR  \\$aPAR$b007862992$lBLL01$r7760$mPhysik-Journal (Internet)$nPhysik-Journal (Print)
=MNI  \\$a1617-9439
=TOC  \\$aETOC
=UNO  \\$aY
=ACF  \\$aPrevious Copyright Fee: GBP22.00$c0$e01-apr-2014$fGBP22.00$g0$hC$5Uk
=ACF  \\$aPrevious Copyright Fee: GBP12.00$c0$e01-jul-2013$fGBP12.00$g0$hC$5Uk
=ACF  \\$aPrevious Copyright Fee: GBP22.60$c0$e01-jan-2014$fGBP22.60$g0$hC$5Uk
=LAS  \\$aBATCH-FIX$b00$c20230511$lBLL01$h1630

