=LDR  04149cas a2200889 i 4500
=001  017657734
=003  Uk
=005  20221231145352.0
=006  m\\\\\o\\d\\\\\\\\
=007  cr\|||||||||||
=008  060918c20079999qeafr\pso\\\\\0\\\a0eng\d
=FMT  \\$a  SE
=015  \\$aGBB5H8608$2bnb
=022  0\$a1834-0814
=035  \\$a(OCoLC)225205629
=040  \\$aAU@$beng$cAU@$dOCLCS$dOCLCQ$dDLC$dTXA$dOCLCO$dOCLCF$dOCLCO$dUk$erda$epn
=042  \\$aukblsr
=082  04$a001.4205$223
=222  \0$aInternational journal of multiple research approaches$b(Online)
=245  00$aInternational journal of multiple research approaches :$bhybrid, synergistic, integrated and cultural.
=264  \1$a[Maleny, QLD, Australia] :$beContent Management,$c[2007]-
=264  31$a[QLD, Australia?] :$bRoutledge
=310  \\$aSemiannual,$b2014-
=321  \\$aThree issues a year,$b2009-2013
=321  \\$aTwo issues a year,$b2007-2008
=336  \\$atext$btxt$2rdacontent
=337  \\$acomputer$bc$2rdamedia
=338  \\$aonline resource$bcr$2rdacarrier
=362  1\$aBegan with: Volume 1, issue 1 (October 2007).
=588  \\$aDescription based on: Volume 1, issue 1 (October 2007); title from PDF article running title (Taylor & Francis, viewed September 7, 2015).
=588  \\$aLatest issue consulted: Volume 8, issue 2 (December 2014) (Taylor & Francis Online, viewed December 9, 2015).
=540  \\$aCurrent copyright fee: GBP37.00$c2\0$5Uk
=650  \0$aSocial sciences$xResearch$vPeriodicals.
=650  \0$aResearch$xMethodology$vPeriodicals.
=650  \7$aSocial sciences$xResearch.$2fast$0(OCoLC)fst01122944
=655  \7$aPeriodicals.$2fast$0(OCoLC)fst01411641
=776  08$iPrint version:$tInternational journal of multiple research approaches$x1834-0806
=856  \\$31850-9999$uhttp://www.tandfonline.com/$xBLDSS
=856  40$uhttp://search.ebscohost.com/direct.asp?db=ehh&jid=2YF0&scope=site
=856  40$uhttp://www.e-contentmanagement.com
=856  40$uhttp://www.tandfonline.com/toc/rmra20/current
=945  \\$aInternational journal of multiple research approaches.
=979  \\$aBritish Library$bDSC$j4542.367250
=CAT  \\$a8124$b40$c20151209$lBLL01$h1407
=CAT  \\$a8124$b40$c20151209$lBLL01$h1410
=CAT  \\$a8124$b40$c20151209$lBLL01$h1413
=CAT  \\$a5552$b40$c20160118$lBLL01$h1139
=CAT  \\$aBLDSS-3PM$b00$c20160201$lBLL01$h1812
=CAT  \\$aBATCH-UPD$b00$c20160413$lBLL01$h1829
=CAT  \\$aBATCH-UPD$b00$c20161122$lBLL01$h1515
=CAT  \\$aBATCH-UPD$b00$c20161122$lBLL01$h1627
=CAT  \\$aIPL-CLA$c20161231$lBLL01$h0024
=CAT  \\$a5552$b40$c20170504$lBLL01$h1431
=CAT  \\$aBATCH-UPD$b40$c20171121$lBLL01$h1651
=CAT  \\$aIPL-CLA$c20171231$lBLL01$h1830
=CAT  \\$aBATCH-UPD$b00$c20181217$lBLL01$h1641
=CAT  \\$aIPL-CLA$c20181231$lBLL01$h1555
=CAT  \\$aBATCH-UPD$b00$c20191122$lBLL01$h1903
=CAT  \\$aIPL-CLA$c20191231$lBLL01$h2042
=CAT  \\$aBATCH-UPD$b00$c20201118$lBLL01$h1337
=CAT  \\$aIPL-CLA$c20201231$lBLL01$h1533
=CAT  \\$aBATCH-UPD$b00$c20221121$lBLL01$h1350
=CAT  \\$aIPL-CLA$c20221231$lBLL01$h1453
=CFI  0\$aCurrent copyright fee: GBP37.00$c2\0$e01-jan-2023$fGBP37.00$g0$hP$5Uk
=CFI  2\$aPrevious copyright fee: GBP35.00$c2\0$e01-jan-2021$fGBP35.00$g0$hP$5Uk
=FFP  \\$aY$bBLDSS-3PM
=FIN  \\$aY$d20151209
=LET  \0$aInternational journal of multiple research approaches (Electronic)
=LKR  \\$aPAR$b014636779$lBLL01$nInternational journal of multiple research approaches (Print)$mInternational journal of multiple research approaches (Online)$r776
=SID  \\$aZ39$bOCLC
=TOC  \\$aETOC
=ACF  \\$aPrevious copyright fee: GBP26.00$c2\0$e18-jan-2016$fGBP26.00$g0$hP$5Uk
=ACF  \\$aPrevious copyright fee: GBP28.00$c2\0$e01-jan-2017$fGBP28.00$g0$hP$5Uk
=ACF  \\$aPrevious copyright fee: GBP30.00$c2\0$e01-jan-2018$fGBP30.00$g0$hP$5Uk
=ACF  \\$aPrevious copyright fee: GBP32.00$c2\0$e01-jan-2019$fGBP32.00$g0$hP$5Uk
=ACF  \\$aPrevious copyright fee: GBP34.00$c2\0$e01-jan-2020$fGBP34.00$g0$hP$5Uk
=LAS  \\$aIPL-CLA$b00$c20221231$lBLL01$h1453

