=LDR  04386cas a2200973 i 4500
=001  017821361
=003  Uk
=005  20230930115637.0
=006  m\\\\\\\\d\|\\\\\\
=007  cr\|||||||||||
=008  160308d19832018ch\qr\p\o\\\\\0\\\e0chi\\
=FMT  \\$a  SE
=022  \\$y1002-0829
=040  \\$aUk$beng$cUk
=082  04$a616.89$223
=245  00$6880-01$aShang Hai Jing Shen Yi Xue.
=246  31$aShanghai Archives of Psychiatry
=264  \1$a[China] :$b[Shang Hai Shi Jing Shen Wei Sheng Zhong Xin]
=310  \\$aQuarterly
=321  \\$aFives issues yearly
=336  \\$atext$2rdacontent
=337  \\$acomputer$2rdamedia
=338  \\$aonline resource$2rdacarrier
=362  1\$aPrint began in 1989.
=588  \\$aDescription based on: China/Asia On Demand webpage
=588  \\$aLatest issue consulted: vol. 30, issue 3 (2018) (National Library of Medicine Archives).
=540  \\$aCurrent copyright fee: GBP24.17$c44\0$5Uk
=650  \0$aPsychiatry$vPeriodicals.
=655  \7$aPeriodicals.$2fast$0(OCoLC)fst01411641
=710  2\$6710-02$aShanghai Shi jing shen wei sheng zhong xin.
=776  08$iAlso issued in print as:$tShanghai jingshen yixue$x1002-0829
=785  00$tGeneral psychiatry$x2517-729x
=856  \\$31850-9999$uhttp://caod.oriprobe.com/$xBLDSS
=856  40$uhttps://caod.oriprobe.com/journals/shjsyx/Shanghai_Archives_of_Psychiatry.htm
=856  40$uhttps://gpsych.bmj.com/content/by/volume
=856  40$uhttps://www.ncbi.nlm.nih.gov/pmc/journals/2464/
=880  00$6245-01$a上海精神医学.
=880  2\$6710-02$a上海市精神卫生中心.
=985  \\$aCAOD - do not merge with any other records
=985  \\$aUpdated by MS generated file for WR2302-017
=CAT  \\$aWR16_045$b00$c20160430$lBLL01$h0942
=CAT  \\$aBATCH-UPD$b00$c20170904$lBLL01$h2035
=CAT  \\$aIPL-CLA$c20170929$lBLL01$h1811
=CAT  \\$aBATCH-UPD$b00$c20180223$lBLL01$h1934
=CAT  \\$aIPL-CLA$c20180331$lBLL01$h1715
=CAT  \\$aBATCH-UPD$b00$c20180823$lBLL01$h1959
=CAT  \\$aIPL-CLA$c20180930$lBLL01$h1519
=CAT  \\$aBATCH-UPD$b00$c20190829$lBLL01$h1600
=CAT  \\$aIPL-CLA$c20190930$lBLL01$h1656
=CAT  \\$aBATCH-UPD$b00$c20200219$lBLL01$h1548
=CAT  \\$aIPL-CLA$c20200331$lBLL01$h1634
=CAT  \\$aBATCH-UPD$b00$c20200522$lBLL01$h1523
=CAT  \\$aIPL-CLA$c20200701$lBLL01$h0120
=CAT  \\$aBATCH-UPD$b00$c20210226$lBLL01$h1106
=CAT  \\$aIPL-CLA$c20210331$lBLL01$h1905
=CAT  \\$aBATCH-UPD$b00$c20210707$lBLL01$h1629
=CAT  \\$aIPL-CLA$c20210707$lBLL01$h2005
=CAT  \\$aBATCH-UPD$b00$c20220520$lBLL01$h1710
=CAT  \\$a8483$b40$c20220607$lBLL01$h1034
=CAT  \\$a8483$b40$c20220607$lBLL01$h1044
=CAT  \\$aIPL-CLA$c20220630$lBLL01$h1727
=CAT  \\$aBATCH-UPD$b00$c20220824$lBLL01$h0932
=CAT  \\$aIPL-CLA$c20220930$lBLL01$h1614
=CAT  \\$aW2302-0174$c20230223$lBLL01$h2007
=CAT  \\$aBATCH-UPD$b00$c20230824$lBLL01$h1123
=CAT  \\$aIPL-CLA$c20230930$lBLL01$h1156
=CFI  0\$aCurrent copyright fee: GBP24.17$c44\0$e01-oct-2023$fGBP24.17$g0$hP$5Uk
=CFI  2\$aPrevious copyright fee: GBP20.83$c44\0$e01-oct-2022$fGBP20.83$g0$hP$5Uk
=FFP  \\$aY$bBLDSS-3PM
=FIN  \\$aY$d20160430
=SRC  \\$aChina/Asia On Demand$bCAOD_20160430
=ACF  \\$aPrevious copyright fee: GBP17.24$c44\0$e01-apr-2016$fGBP17.24$g0$hP$5Uk
=ACF  \\$aPrevious copyright fee: GBP18.52$c44\0$e01-oct-2016$fGBP18.52$g0$hP$5Uk
=ACF  \\$aPrevious copyright fee: GBP20.00$c44\0$e01-apr-2017$fGBP20.00$g0$hP$5Uk
=ACF  \\$aPrevious copyright fee: GBP19.23$c44\0$e01-oct-2017$fGBP19.23$g0$hP$5Uk
=ACF  \\$aPrevious copyright fee: GBP17.86$c44\0$e01-apr-2018$fGBP17.86$g0$hP$5Uk
=ACF  \\$aPrevious copyright fee: GBP19.23$c44\0$e01-oct-2018$fGBP19.23$g0$hP$5Uk
=ACF  \\$aPrevious copyright fee: GBP20.00$c44\0$e01-oct-2019$fGBP20.00$g0$hP$5Uk
=ACF  \\$aPrevious copyright fee: GBP19.23$c44\0$e01-apr-2020$fGBP19.23$g0$hP$5Uk
=ACF  \\$aPrevious copyright fee: GBP20.00$c44\0$e01-jul-2020$fGBP20.00$g0$hP$5Uk
=ACF  \\$aPrevious copyright fee: GBP18.52$c44\0$e01-apr-2021$fGBP18.52$g0$hP$5Uk
=ACF  \\$aPrevious copyright fee: GBP17.86$c44\0$e07-jul-2021$fGBP17.86$g0$hP$5Uk
=ACF  \\$aPrevious copyright fee: GBP20.00$c44\0$e01-jul-2022$fGBP20.00$g0$hP$5Uk
=LAS  \\$aIPL-CLA$b00$c20230930$lBLL01$h1156

