=LDR  01769cas a22004337a 4500
=001  017880999
=003  Uk
=005  20221231233806.0
=006  m\\\\\\\\d\|||||||
=007  cr\|||||||||||
=008  160615d19962018ua\qr\p\\\\\\\0\\\a0eng\\
=FMT  \\$a  SE
=022  \\$a2524-1745
=040  \\$aUk$beng$cUk
=222  \0$aJournal of the Egyptian Society of Cardio-Thoracic Surgery$b(Online)
=245  00$aJournal of the Egyptian Society of Cardio-Thoracic Surgery.
=264  \1$aCairo :$bEgyptian Society of Cardio-thoracic Surgery
=336  \\$atext$2rdacontent
=337  \\$acomputer$2rdamedia
=338  \\$aonline resource$2rdacarrier
=540  \\$aCurrent copyright fee: GBP29.95$c22\1$5Uk
=785  00$tCardiothoracic surgeon$x2662-2203
=856  \\$31850-9999$uhttp://www.sciencedirect.com/$xBLDSS
=856  40$uhttps://www.journals.elsevier.com/journal-of-the-egyptian-society-of-cardio-thoracic-surgery
=985  \\$a3rd party access title for Remote supply please retain as base record when merging/deleting
=CAT  \\$a5552$b40$c20160615$lBLL01$h0935
=CAT  \\$aBLDSS-3PM$b00$c20160620$lBLL01$h1456
=CAT  \\$aBATCH-UPD$b00$c20160620$lBLL01$h1459
=CAT  \\$a12654$b40$c20190416$lBLL01$h1250
=CAT  \\$aBATCH-UPD$b40$c20190416$lBLL01$h2346
=CAT  \\$a10806$b40$c20190730$lBLL01$h1148
=CAT  \\$aBATCH-UPD$b40$c20221121$lBLL01$h1407
=CAT  \\$aIPL-CLA$c20221231$lBLL01$h2338
=CFI  0\$aCurrent copyright fee: GBP29.95$c22\1$e01-jan-2023$fGBP29.95$g0$hP$5Uk
=CFI  2\$aPrevious copyright fee: GBP34.00$c22\1$e16-apr-2019$fGBP34.00$g0$hP$5Uk
=FFP  \\$aY$bBLDSS-3PM
=UNO  \\$aY
=ACF  \\$aPrevious copyright fee: zero$c5\1$e15-jun-2016$fGBP0.00$g0$hP$5Uk
=LAS  \\$aIPL-CLA$b00$c20221231$lBLL01$h2338

