=LDR  02959 as a22006497i 4500
=001  018231853
=003  Uk
=005  20191113084624.0
=006  m\\\\\\\\d\|\\\\\\
=007  cr||||||||||||
=008  170216c20129999ua\\x\p\o\\\\\0\\\a0eng\\
=FMT  \\$a  SE
=022  0\$a2090-990X
=040  \\$aUk$beng$cUk$erda
=082  04$a590$221
=222  \0$aJournal of basic & applied zoology$b(Online)
=245  04$aThe journal of basic & applied zoology.
=264  \1$aCairo :$bEgyptian German Society of Zoology, Faculty of Science, Cairo University
=336  \\$atext$2rdacontent
=337  \\$acomputer$2rdamedia
=338  \\$aonline resource$2rdacarrier
=540  \\$aCurrent copyright fee: zero$c22\1$5Uk
=776  08$iAlso issued in print as:$tJournal of basic & applied zoology$x2090-9896
=780  04$tJournal of the Egyptian German Society of Zoology. A, Comparative Physiology$x1110-5321
=780  04$tJournal of the Egyptian German Society of Zoology. B, Anatomy and Embryology$x1110-533X
=780  04$tJournal of the Egyptian German Society of Zoology. C, Histology and Histochemistry$x1110-5348
=780  04$tJournal of the Egyptian German Society of Zoology. D, Invertebrate Zoology and Parasitology$x1110-5356
=780  04$tJournal of the Egyptian German Society of Zoology. E, Entomolgy$x1110-5364
=856  \\$31850-9999$uhttp://link.springer.com/$xBLDSS
=856  40$uhttp://www.egsz.org
=945  \\$aJournal of basic and applied zoology.
=959  \\$fHeld but not currently received
=979  \\$aBritish Library$bDSC$j4951.116800N
=985  \\$aISSN record created from Portal record, currently under ISSN Egypt responsibility. 16.02.2017. Online title due to be taken over by Springer Nature in 2017 - please update and transfer resp.
=985  \\$aISSN RDA COMPLETION - TO BE CATALOGUED BY RDA TRAINED CATALOGUERS.
=CAT  \\$a11313$b40$c20170216$lBLL01$h1422
=CAT  \\$a5552$b40$c20170706$lBLL01$h1152
=CAT  \\$aBLDSS-3PM$b00$c20170710$lBLL01$h1416
=CAT  \\$aBATCH-UPD$b00$c20170710$lBLL01$h1417
=CAT  \\$aBATCH-UPD$b00$c20170712$lBLL01$h0025
=CAT  \\$aBATCH-UPD$b00$c20170904$lBLL01$h1846
=CAT  \\$aIPL-CLA$c20170929$lBLL01$h1815
=CAT  \\$a5410$b40$c20180215$lBLL01$h1556
=CAT  \\$a5410$b40$c20180215$lBLL01$h1557
=CAT  \\$aBATCH-UPD$b40$c20180223$lBLL01$h1706
=CAT  \\$aIPL-CLA$c20180331$lBLL01$h1721
=CAT  \\$a5552$b40$c20180416$lBLL01$h1459
=CAT  \\$a5410$b40$c20191113$lBLL01$h0846
=CFI  0\$aCurrent copyright fee: zero$c22\1$e01-apr-2018$fGBP0.00$g0$hP$5Uk
=CFI  2\$aPrevious copyright fee: GBP30.73$c22\1$e01-oct-2017$fGBP30.73$g0$hP$5Uk
=FFP  \\$aY$bBLDSS-3PM
=FIN  \\$aY$d20170216
=LET  \0$aJournal of basic and applied zoology (Electronic)
=TOC  \\$aETOC
=UNO  \\$aY
=ACF  \\$aPrevious Copyright Fee: GBP31.96$c22\1$e06-jul-2017$fGBP31.96$g0$hP$5Uk
=LAS  \\$a5410$b40$c20191113$lBLL01$h0846

