=LDR  04007cas a2200937 i 4500
=001  015174244
=003  Uk
=005  20230930080935.0
=006  m\\\\\\\\d\|\\\\\\
=007  cr||||||||||||
=008  090505d20102012enkfr\p\o\\\\\0\\\a0eng\\
=FMT  \\$a  SE
=022  0\$a2041-0999$202
=040  \\$aUk$beng$cUk$erda
=042  \\$aissnuk$aukblsr
=082  04$a264.0201$223
=222  \0$aUsus antiquior$b(Online)
=245  00$aUsus antiquior.
=246  1\$iJournal home page title:$aUsus antiquior :$ba journal dedicated to the sacred liturgy
=260  \\$aLeeds :$bManey Publishing,$c2010-2012.
=264  31$aLeeds :$bManey Publishing and The Society of Saint Catherine of Siena
=310  \\$aSemiannual
=336  \\$atext$2rdacontent
=337  \\$acomputer$2rdamedia
=338  \\$aonline resource$2rdacarrier
=362  0\$aVolume 1, number 1 (January 2010)-volume 3, number 2 (July 2012).
=500  \\$aTitle from table of contents (IngentaConnect, viewed December 3, 2012).
=588  \\$aLatest issue consulted: Volume 3, number 2 (July 2012) (viewed January 15, 2012).
=540  \\$aCurrent copyright fee: GBP37.00$c2\0$5Uk
=610  20$aCatholic Church$xLiturgy$vPeriodicals.
=710  2\$aSociety of St. Catherine of Siena.
=776  08$iAlso issued in print as:$tUsus antiquior$x1757-8949
=856  \\$31850-9999$uhttp://maneypublishing.com/$xBLDSS
=856  4\$uhttp://maney.co.uk/index.php/journals/usu/
=856  40$uhttp://www.ingentaconnect.com/content/maney/usu
=945  \\$aUsus antiquior.
=979  \\$aBritish Library$bDSC$j9135.154500N
=985  \\$aejournals project 2012
=CAT  \\$a10806$b40$c20090505$lBLL01$h1345
=CAT  \\$aIPL-CLA$c20111230$lBLL01$h2033
=CAT  \\$a5552$b40$c20120402$lBLL01$h1453
=CAT  \\$aIPL-CLA$c20120629$lBLL01$h1040
=CAT  \\$a11316$b40$c20121203$lBLL01$h1424
=CAT  \\$a11316$b40$c20121203$lBLL01$h1428
=CAT  \\$a11316$b40$c20121210$lBLL01$h0811
=CAT  \\$a11316$b40$c20121231$lBLL01$h0803
=CAT  \\$a11316$b40$c20130115$lBLL01$h1403
=CAT  \\$aBLDSS-3PM$b00$c20141208$lBLL01$h1627
=CAT  \\$aBATCH-UPD$b00$c20151119$lBLL01$h1603
=CAT  \\$aIPL-CLA$c20151231$lBLL01$h1930
=CAT  \\$aBATCH-UPD$b00$c20160413$lBLL01$h1823
=CAT  \\$aBATCH-UPD$b00$c20161122$lBLL01$h1542
=CAT  \\$aBATCH-UPD$b00$c20161122$lBLL01$h1819
=CAT  \\$aIPL-CLA$c20161230$lBLL01$h2329
=CAT  \\$a5552$b40$c20170210$lBLL01$h1130
=CAT  \\$a5552$b40$c20190115$lBLL01$h0756
=CAT  \\$aBATCH-UPD$b40$c20191122$lBLL01$h1921
=CAT  \\$aIPL-CLA$c20191231$lBLL01$h2016
=CAT  \\$aBATCH-UPD$b00$c20201118$lBLL01$h1355
=CAT  \\$aIPL-CLA$c20201231$lBLL01$h1531
=CAT  \\$aBATCH-UPD$b00$c20221121$lBLL01$h1430
=CAT  \\$aIPL-CLA$c20221231$lBLL01$h1449
=CAT  \\$aR2308-1440$c20230824$lBLL01$h0929
=CAT  \\$aIPL-CLA$c20230930$lBLL01$h0809
=CFI  0\$aCurrent copyright fee: GBP37.00$c2\0$e01-oct-2023$fGBP37.00$g0$hP$5Uk
=CFI  2\$aPrevious copyright fee: GBP37.00$c47\0$e01-jan-2023$fGBP37.00$g0$hP$5Uk
=FFP  \\$aY$bBLDSS-3PM
=FIN  \\$aY$d20121231
=LET  \0$aUsus antiquior (Electronic)
=LKR  \\$aPAR$b014628020$lBLL01$nUsus antiquior (Print)$mUsus antiquior (Online)$r776
=MNI  \\$a1757-8949
=TCO  \\$aCLA$bCLA$c008
=TOC  \\$aETOC
=ACF  \\$aPrevious Copyright Fee: GBP18.00$c47\0$e01-jan-2012$fGBP18.00$g0$hP$5Uk
=ACF  \\$aPrevious copyright fee: GBP25.00$c47\0$e01-jul-2012$fGBP25.00$g0$hP$5Uk
=ACF  \\$aPrevious copyright fee: GBP28.00$c47\0$e01-jan-2017$fGBP28.00$g0$hP$5Uk
=ACF  \\$aPrevious copyright fee: GBP26.00$c47\0$e01-jan-2016$fGBP26.00$g0$hP$5Uk
=ACF  \\$aPrevious copyright fee: GBP32.00$c47\0$e15-jan-2019$fGBP32.00$g0$hP$5Uk
=ACF  \\$aPrevious copyright fee: GBP34.00$c47\0$e01-jan-2020$fGBP34.00$g0$hP$5Uk
=ACF  \\$aPrevious copyright fee: GBP35.00$c47\0$e01-jan-2021$fGBP35.00$g0$hP$5Uk
=LAS  \\$aIPL-CLA$b00$c20230930$lBLL01$h0809

