=LDR  01945 as a22005177i 4500
=001  016496408
=003  Uk
=005  20210518144139.0
=006  m\\\\\\\\d\|\\\\\\
=007  cr||||||||||||
=008  130911d19301972enkqr\p\o\\\\\0\\\a0eng\\
=FMT  \\$a  SE
=022  0\$a2053-7875$202
=040  \\$aUk$beng$cUk$erda
=042  \\$aissnuk
=210  0\$aStud. Q. J.$b(Online)
=222  \0$aStudents' quarterly journal$b(Online)
=245  00$aStudents' quarterly journal.
=246  1\$iAlso known as:$aSQJ
=260  \\$aLondon :$bE. and F.N. Spon
=336  \\$atext$2rdacontent
=337  \\$acomputer$2rdamedia
=338  \\$aonline resource$2rdacarrier
=588  \\$aDescription based on print version record.
=588  \\$aLatest issue consulted: volume 42, issue 169 (September 1972) (IET Digital Library, viewed September 10, 2013).
=540  \\$aCurrent copyright fee: zero$c35\0$5Uk
=710  2\$aInstitution of Electrical Engineers.
=776  08$iAlso issued in print as:$tStudents' quarterly journal$x0039-2871
=785  04$tElectronics and power$x2053-7883
=856  \\$31850-9999$uhttp://onlinelibrary.wiley.com/$xBLDSS
=856  40$uhttp://digital-library.theiet.org/content/journals/sqj
=945  \\$aStudents quarterly journal- Institution of Electrical Engineers.
=979  \\$aBritish Library$bDSC$j8481.000000
=985  \\$aISSN RECORD FOR DIGITAL REPRODUCTION.
=CAT  \\$a11316$b40$c20130911$lBLL01$h1442
=CAT  \\$a11316$b40$c20130911$lBLL01$h1517
=CAT  \\$a5552$b40$c20170221$lBLL01$h1317
=CAT  \\$a12654$b40$c20210511$lBLL01$h0805
=CAT  \\$aBATCH-UNOA$c20210511$lBLL01$h2108
=CAT  \\$aBLDSS-3PM$b00$c20210518$lBLL01$h1441
=CAT  \\$aBATCH-UPD$b00$c20210518$lBLL01$h1441
=CFI  0\$aCurrent copyright fee: zero$c35\0$e11-may-2021$fGBP0.00$g0$hP$5Uk
=FFP  \\$aY$bBLDSS-3PM
=FIN  \\$aY$d20130911
=UNO  \\$aY
=LAS  \\$aBATCH-UPD$b00$c20210518$lBLL01$h1441

