=LDR  02986cas a2200781 a 4500
=001  016552708
=003  Uk
=005  20230511163056.0
=007  ta
=008  101103c20109999gw\qr\p\\\\\\\0\\\a0eng\\
=FMT  \\$a  SE
=010  \\$a  2011243412
=016  7\$a101546672$2DNLM
=022  \\$a1663-7976
=035  \\$a(OCoLC)731169972
=040  \\$aNLM$beng$cNLM$dSTF$dOCLCO$dCDS$dOCLCF$dOCLCO$dUk
=042  \\$apcc
=050  \4$aRD533$b.E95
=060  00$aW1$bEV276
=210  0\$aEvid.-based spine-care j.$b(Print)
=222  \0$aEvidence-based spine-care journal$b(Print)
=245  00$aEvidence-based spine-care journal.
=246  13$aEBSJ
=260  \\$aStuttgart :$bThieme
=300  \\$av. ;$c28 cm.
=310  \\$aQuarterly
=336  \\$atext$2rdacontent
=337  \\$aunmediated$2rdamedia
=338  \\$avolume$2rdacarrier
=362  1\$aBegan with Vol. 1, issue 1 (May 2010).
=590  \\$aRoute FAILED DSC EXTENDED searches to Records Team
=530  \\$aAlso issued online; subscription required for full-text access.
=588  \\$aDescription based on: Vol. 2, issue 1 (Feb./Mar. 2011); title from cover.
=588  \\$aLatest issue consulted: Vol. 2, issue 1 (Feb./Mar. 2011).
=540  \\$aCurrent copyright fee: zero$c49\0$5Uk
=650  12$aSpine$xabnormalities$vPeriodicals.
=650  22$aEvidence-Based Medicine$vPeriodicals.
=650  22$aSpinal Cord Diseases$vPeriodicals.
=650  22$aSpinal Injuries$vPeriodicals.
=650  \0$aSpine$xAbnormalities$vPeriodicals.
=650  \0$aEvidence-based medicine$vPeriodicals.
=710  2\$aAOSpine International (Firm)
=776  0\$tEvidence-based spine-care journal (Internet)$x1869-4136
=780  00$tEvidence-based spine surgery$x1867-2302
=856  \\$31850-9999$uhttp://www.thieme.com/$xBLDSS
=856  4\$uhttps://www.thieme-connect.de/ejournals/toc/EBSJ
=945  \\$aEvidence-based spine care journal
=979  \\$aBritish Library$bDSC$j3831.037620N
=CAT  \\$a5552$b40$c20131127$lBLL01$h1332
=CAT  \\$aIPL-CLA$c20140101$lBLL01$h0217
=CAT  \\$a6550$b40$c20140902$lBLL01$h1430
=CAT  \\$aBATCH-UPD$b40$c20141124$lBLL01$h1824
=CAT  \\$aBLDSS-3PM$b00$c20141208$lBLL01$h1628
=CAT  \\$aIPL-CLA$c20141231$lBLL01$h1704
=CAT  \\$a5552$b40$c20150601$lBLL01$h1336
=CAT  \\$aBATCH-UPD$b40$c20160413$lBLL01$h1827
=CAT  \\$aBATCH-UPD$b40$c20160605$lBLL01$h0827
=CAT  \\$aBATCH-UPD$b40$c20190314$lBLL01$h1523
=CAT  \\$aBATCH-FIX$c20230511$lBLL01$h1630
=CFI  0\$aCurrent copyright fee: zero$c49\0$e01-jun-2015$fGBP0.00$g0$hP$5Uk
=CFI  2\$aPrevious copyright fee: GBP27.00$c49\0$e01-jan-2015$fGBP27.00$g0$hP$5Uk
=FFP  \\$aY$bBLDSS-3PM
=SID  \\$aZ39$bOCLC
=TOC  \\$aETOC
=UNO  \\$aY
=ACF  \\$aPrevious Copyright Fee: GBP25.00$c49\0$e01-jan-2014$fGBP25.00$g0$hP$5Uk
=ACF  \\$aPrevious copyright fee: GBP24.88$c49\0$e27-nov-2013$fGBP24.88$g0$hP$5Uk
=LAS  \\$aBATCH-FIX$b00$c20230511$lBLL01$h1630

