=LDR  03368cas a2200865 a 4500
=001  016554145
=003  Uk
=005  20221231145216.0
=007  ta
=008  010807c20009999gw\qr\p\\\\\\\0\\\b0ger\\
=FMT  \\$a  SE
=010  \\$a  2001243402
=016  7\$a101125050$2DNLM
=022  0\$a1438-7026
=035  \\$a(OCoLC)48510222
=040  \\$aNLM$beng$cNLM$dPIT$dMYG$dOCLCQ$dCLU$dOCLCQ$dUk
=042  \\$apcc
=050  14$aRC475
=060  00$aW1$bPS83B
=210  0\$aPsychother. Dialog$b(Print)
=222  \0$aPsychotherapie im Dialog$b(Print)
=245  00$aPsychotherapie im Dialog :$bPiD.
=246  30$aPiD
=260  \\$aStuttgart ;$aNew York :$bThieme
=300  \\$av. ;$c28 cm.
=310  \\$aQuarterly
=336  \\$atext$2rdacontent
=337  \\$aunmediated$2rdamedia
=338  \\$avolume$2rdacarrier
=362  1\$aBegan with issue for März 2000.
=590  \\$aRoute FAILED DSC EXTENDED searches to Records Team
=530  \\$aAlso issued online.
=588  \\$aDescription based on: Jahrg. 2, Nr. 2 (Juni 2001); title from cover.
=540  \\$aCurrent copyright fee: GBP47.00$c49\0$5Uk
=650  \0$aMental illness$vPeriodicals.
=650  \0$aPsychotherapy$vPeriodicals.
=650  12$aMental Disorders$xtherapy$vPeriodicals.
=650  22$aPsychotherapy$vPeriodicals.
=776  1\$tPsychotherapie im Dialog (Online)$x1439-913X
=856  \\$31850-9999$uhttp://www.thieme.com/$xBLDSS
=856  41$uhttp://www.thieme-connect.com/ejournals/toc/pid
=945  \\$aPid psychotherapie im Dialog
=979  \\$aBritish Library$bDSC$j6498.689500N
=CAT  \\$a5552$b40$c20131129$lBLL01$h1328
=CAT  \\$aIPL-CLA$c20140101$lBLL01$h0217
=CAT  \\$a6550$b40$c20140903$lBLL01$h1445
=CAT  \\$aBLDSS-3PM$b00$c20141208$lBLL01$h1628
=CAT  \\$aBATCH-UPD$b00$c20160413$lBLL01$h1827
=CAT  \\$aBATCH-UPD$b00$c20160605$lBLL01$h0828
=CAT  \\$aBATCH-UPD$b00$c20161212$lBLL01$h1808
=CAT  \\$aIPL-CLA$c20161231$lBLL01$h0014
=CAT  \\$aBATCH-UPD$b00$c20171220$lBLL01$h1158
=CAT  \\$aIPL-CLA$c20171231$lBLL01$h1821
=CAT  \\$aBATCH-UPD$b00$c20181126$lBLL01$h1136
=CAT  \\$aIPL-CLA$c20181231$lBLL01$h1553
=CAT  \\$aBATCH-UPD$b00$c20190314$lBLL01$h1523
=CAT  \\$aBATCH-UPD$b00$c20210510$lBLL01$h1229
=CAT  \\$aIPL-CLA$c20210510$lBLL01$h1315
=CAT  \\$aBATCH-UPD$b00$c20211119$lBLL01$h1527
=CAT  \\$aIPL-CLA$c20211231$lBLL01$h1546
=CAT  \\$aBATCH-UPD$b00$c20221121$lBLL01$h1437
=CAT  \\$aIPL-CLA$c20221231$lBLL01$h1452
=CFI  0\$aCurrent copyright fee: GBP47.00$c49\0$e01-jan-2023$fGBP47.00$g0$hP$5Uk
=CFI  2\$aPrevious copyright fee: GBP32.00$c49\0$e01-jan-2022$fGBP32.00$g0$hP$5Uk
=FFP  \\$aY$bBLDSS-3PM
=SID  \\$aZ39$bOCLC
=TOC  \\$aETOC
=UNO  \\$aY
=ACF  \\$aPrevious copyright fee: GBP18.18$c49\0$e29-nov-2013$fGBP18.18$g0$hP$5Uk
=ACF  \\$aPrevious Copyright Fee: GBP19.00$c49\0$e01-jan-2014$fGBP19.00$g0$hP$5Uk
=ACF  \\$aPrevious copyright fee: GBP21.00$c49\0$e01-jan-2017$fGBP21.00$g0$hP$5Uk
=ACF  \\$aPrevious copyright fee: GBP24.00$c49\0$e01-jan-2018$fGBP24.00$g0$hP$5Uk
=ACF  \\$aPrevious copyright fee: GBP26.00$c49\0$e01-jan-2019$fGBP26.00$g0$hP$5Uk
=ACF  \\$aPrevious copyright fee: GBP31.00$c49\0$e10-may-2021$fGBP31.00$g0$hP$5Uk
=LAS  \\$aIPL-CLA$b00$c20221231$lBLL01$h1452

