=LDR  02179 as a22005897i 4500
=001  016556719
=003  Uk
=005  20160923110003.0
=006  m\\\\\\\\d\|\\\\\\
=007  cr||||||||||||
=008  131203d19972009enkqr\p\o\\\\\0\\\a0eng\\
=FMT  \\$a  SE
=022  0\$a2054-5533$202
=040  \\$aUk$beng$cUk$dUk$erda
=042  \\$aissnuk
=082  04$a362.20425$221
=210  0\$aLife day$b(Online)
=222  \2$aA life in the day$b(Online)
=245  02$aA life in the day.
=260  \\$aBrighton :$bPavilion
=264  31$a[Hove] :$bPier Professional Ltd
=310  \\$aQuarterly
=336  \\$atext$2rdacontent
=337  \\$acomputer$2rdamedia
=338  \\$aonline resource$2rdacarrier
=540  \\$aCurrent copyright fee: GBP30.00$c25\0$5Uk
=776  08$iAlso issued in print as:$tLife in the day$x1366-6282
=785  00$tMental health and social inculsion (Online)$x2042-8316
=856  \\$31850-9999$uhttp://www.emeraldinsight.com/$xBLDSS
=856  40$uhttp://www.emeraldinsight.com/journals.htm?issn=1366-6282
=945  \\$aLIFE IN THE DAY.
=979  \\$aBritish Library$bDSC$j5208.921750
=985  \\$aISSN description based on: print version record. Latest issue consulted: volume 13, issue 4 (2009) (Emerald, viewed December 3, 2013).
=CAT  \\$a11316$b40$c20131203$lBLL01$h1029
=CAT  \\$a11316$b40$c20140207$lBLL01$h1434
=CAT  \\$a5552$b40$c20140320$lBLL01$h1427
=CAT  \\$aBLDSS-3PM$b00$c20141121$lBLL01$h1853
=CAT  \\$a11313$b40$c20141216$lBLL01$h1129
=CAT  \\$aBATCH-UPD$b40$c20151109$lBLL01$h1748
=CAT  \\$aBATCH-UPD$b40$c20151109$lBLL01$h1800
=CAT  \\$aIPL-CLA$c20151109$lBLL01$h1813
=CAT  \\$aBATCH-UPD$b00$c20160413$lBLL01$h1827
=CAT  \\$aBATCH-UPD$b00$c20160524$lBLL01$h2215
=CAT  \\$aBATCH-UPD$b00$c20160525$lBLL01$h0057
=CAT  \\$a5552$b40$c20160923$lBLL01$h1100
=CFI  0\$aCurrent copyright fee: GBP30.00$c25\0$e09-nov-2015$fGBP30.00$g0$hP$5Uk
=CFI  2\$aPrevious Copyright Fee: GBP20.00$c25\0$e20-mar-2014$fGBP20.00$g0$hP$5Uk
=FFP  \\$aY$bBLDSS-3PM
=FIN  \\$aY$d20131203
=TOC  \\$aETOC
=UNO  \\$aY
=LAS  \\$a5552$b40$c20160923$lBLL01$h1100

