=LDR  02118 as a22005417i 4500
=001  016560484
=003  Uk
=005  20161222080916.0
=006  m\\\\\\\\d\|\\\\\\
=007  cr||||||||||||
=008  131204d19932000enkqr\p\o\\\\\0\\\a0eng\\
=FMT  \\$a  SE
=022  0\$a2054-5584$y1063-0279$202
=040  \\$aUk$beng$cUk$erda
=042  \\$aissnuk
=082  04$a362.1068$223
=210  0\$aClin. perform. qual. health care$b(Online)
=222  \0$aClinical performance and quality health care$b(Online)
=245  00$aClinical performance and quality health care.
=246  13$aClinical performance and quality healthcare
=264  \1$a[Bradford] :$bMCB University Press
=310  \\$aQuarterly
=336  \\$atext$2rdacontent
=337  \\$acomputer$2rdamedia
=338  \\$aonline resource$2rdacarrier
=540  \\$aCurrent Copyright Fee: GBP30.00$c25\0$5Uk
=776  08$iAlso issued in print as :$tClinical performance and quality health care$x1063-0279
=785  04$tBritish journal of clinical governance (Online)$x1466-4119
=856  \\$31850-9999$uhttp://www.emeraldinsight.com/$xBLDSS
=856  40$uhttp://www.emeraldinsight.com/journals.htm?issn=1063-0279
=945  \\$aClinical performance and quality health care.
=979  \\$aBritish Library$bDSC$j3286.326300
=985  \\$aISSN description based on: volume 8, issue 4 (2000); title from PDF article (Emerald, viewed December 4, 2013).
=CAT  \\$a11316$b40$c20131204$lBLL01$h1139
=CAT  \\$aBATCH-CLA$b00$c20140228$lBLL01$h1619
=CAT  \\$aIPL-CLA$c20140331$lBLL01$h1643
=CAT  \\$a10806$b40$c20140408$lBLL01$h0856
=CAT  \\$a5552$b40$c20160322$lBLL01$h0833
=CAT  \\$aBLDSS-3PM$b00$c20160329$lBLL01$h1140
=CAT  \\$aBATCH-UPD$b00$c20160413$lBLL01$h1827
=CAT  \\$a5552$b40$c20161222$lBLL01$h0809
=CFI  0\$aCurrent Copyright Fee: GBP30.00$c25\0$e22-mar-2016$fGBP30.00$g0$hP$5Uk
=CFI  2\$aPrevious Copyright Fee: GBP25.00$c0$e01-apr-2014$fGBP25.00$g0$hC$5Uk
=FFP  \\$aY$bBLDSS-3PM
=FIN  \\$aY$d20131204
=TOC  \\$aETOC
=UNO  \\$aY
=LAS  \\$a5552$b40$c20161222$lBLL01$h0809

