=LDR  02297 as a22005537i 4500
=001  016565763
=003  Uk
=005  20190531092231.0
=006  m\\\\\\\\d\|\\\\\\
=007  cr||||||||||||
=008  131211d19781996enkqr\p\o\\\\\0\\\a0eng\\
=FMT  \\$a  SE
=022  0\$a2054-5630$202
=040  \\$aUk$beng$cUk$erda
=042  \\$aissnuk
=082  04$a363.205$218
=210  0\$aPolice stud.$b(Online)
=222  \0$aPolice studies$b(Online)
=245  00$aPolice studies :$bthe international review of police development.
=246  1\$iWeb page title:$aPolice studies :$bintnl review of police development
=260  \\$aNew York :$bJohn Jay Press ;$aSt Albyns [i.e. St Albans] (117 Hatfield Rd, [St Albans], Herts. AL1 4JS) :$bSecurity Gazette Ltd,$c1978-1996.
=260  3\$aBradford :$bMCB University Press
=336  \\$atext$2rdacontent
=337  \\$acomputer$2rdamedia
=338  \\$aonline resource$2rdacarrier
=580  \\$aMerged with: American journal of police, to become: Policing.
=588  \\$aDescription based on print version record.
=588  \\$aLatest issue consulted: volume 19, issue 4 (2013) (Emerald, viewed December 11, 2013).
=540  \\$aCurrent Copyright Fee: GBP30.00$c25\0$5Uk
=776  08$iAlso issued in print as:$tPolice studies$x0141-2949
=780  17$tAmerican journal of police (Online)$x2160-0309
=780  17$tPolicing (Bradford, England : Online)$x1758-695X
=856  \\$31850-9999$uhttp://www.emeraldinsight.com/$xBLDSS
=856  40$uhttp://www.emeraldinsight.com/journals.htm?issn=0141-2949
=CAT  \\$a11316$b40$c20131211$lBLL01$h1036
=CAT  \\$a11316$b40$c20131211$lBLL01$h1037
=CAT  \\$aBATCH-CLA$b00$c20150529$lBLL01$h1528
=CAT  \\$aIPL-CLA$c20150630$lBLL01$h1721
=CAT  \\$a12654$b40$c20190531$lBLL01$h0916
=CAT  \\$a12654$b40$c20190531$lBLL01$h0922
=CAT  \\$aBLDSS-3PM$b00$c20190604$lBLL01$h1341
=CAT  \\$aBATCH-UPD$b00$c20190604$lBLL01$h1341
=CAT  \\$aBATCH-UPD$b00$c20190604$lBLL01$h2334
=CFI  0\$aCurrent Copyright Fee: GBP30.00$c25\0$e31-may-2019$fGBP30.00$g0$hP$5Uk
=CFI  2\$aBritish Library not licensed to copy$c0$e01-jul-2015$hC$iCFP Excluded$5Uk
=FFP  \\$aY$bBLDSS-3PM
=FIN  \\$aY$d20131211
=UNO  \\$aY
=LAS  \\$aBATCH-UPD$b00$c20190604$lBLL01$h2334

