=LDR  02650 as a22006497i 4500
=001  016599414
=003  Uk
=005  20170524112139.0
=006  m\\\\\\\\d\|\\\\\\
=007  cr||||||||||||
=008  140108d19852006enkar\p\o\\\\\0\\\a0eng\\
=FMT  \\$a  SE
=022  0\$a2054-1775$y1077-5730$202
=040  \\$aUk$beng$cUk$erda
=042  \\$aissnuk
=082  04$a658.401205$223
=222  \0$aHandbook of business strategy$b(Online)
=245  00$aHandbook of business strategy.
=260  \\$aBoston :$bWarren, Gorham & Lamont,$c1985-
=260  2\$aNew York :$bFaulkner and Gray
=264  31$32003-$a[Bingley] :$bEmerald Group Publishing Limited
=310  \\$aAnnual
=336  \\$atext$2rdacontent
=337  \\$acomputer$2rdamedia
=338  \\$aonline resource$2rdacarrier
=515  \\$aSecond edition published in 1991; published annually from <1993->.
=580  \\$aFrom 1986-<1992>, supplemented annually by Handbook of business strategy. Yearbook.
=588  \\$aDescription based on print version record.
=588  \\$aLatest issue consulted: volume 7, issue 1 (2006) (Emerald, viewed January 8, 2014).
=540  \\$aCurrent Copyright Fee: GBP30.00$c25\0$5Uk
=770  1\$tHandbook of business strategy. Yearbook
=776  08$iAlso issued in print as:$tHandbook of business strategy$x1077-5730
=785  00$tBusiness strategy series$x1751-5645
=856  \\$31850-9999$uhttp://www.emeraldinsight.com/$xBLDSS
=856  40$uhttp://www.emeraldinsight.com./journals.htm?issn=1077-5730
=945  \\$aHandbook of business strategy.
=979  \\$aBritish Library$bDSC$j4250.368500
=985  \\$aISSN description based on: print version record. See also email correspondence with U.S. ISSN Centre 3/1/2014.
=985  \\$aISSN RDA COMPLETION - TO BE CATALOGUED BY RDA TRAINED CATALOGUERS.
=CAT  \\$a11316$b40$c20140108$lBLL01$h1133
=CAT  \\$a11316$b40$c20140108$lBLL01$h1138
=CAT  \\$aBATCH-CLA$b00$c20140228$lBLL01$h1619
=CAT  \\$aIPL-CLA$c20140331$lBLL01$h1643
=CAT  \\$a5552$b40$c20151111$lBLL01$h1108
=CAT  \\$aBLDSS-3PM$b00$c20151123$lBLL01$h1623
=CAT  \\$aBATCH-UPD$b00$c20160413$lBLL01$h1827
=CAT  \\$a5552$b40$c20170519$lBLL01$h1143
=CAT  \\$a5410$b40$c20170524$lBLL01$h1121
=CFI  0\$aCurrent copyright fee: GBP30.00$c25\0$e11-nov-2015$fGBP30.00$g0$hP$5Uk
=CFI  2\$aPrevious Copyright Fee: GBP25.00$c0$e01-apr-2014$fGBP25.00$g0$hC$5Uk
=FFP  \\$aY$bBLDSS-3PM
=FIN  \\$aY$d20140108
=LET  \0$aHandbook of business strategy (Electronic)
=MNI  \\$a1077-5730
=TOC  \\$aETOC
=UNO  \\$aY
=LAS  \\$a5410$b40$c20170524$lBLL01$h1121

