=LDR  02917 as a22006617i 4500
=001  016607377
=003  Uk
=005  20200124085912.0
=006  m\\\\\\\\d\|\\\\\\
=007  cr||||||||||||
=008  140121d20142014enk\x\p\o\\\\\0\\\a0eng\\
=FMT  \\$a  SE
=022  0\$a2054-8818$202
=040  \\$aUk$beng$cUk$dUk$erda
=042  \\$aissnuk
=082  04$a616.07$223
=210  0\$aClin. j. pathol.
=222  \4$aThe clinical journal of pathology
=245  04$aThe clinical journal of pathology.
=264  \1$a[Oxford] :$bJohn Wiley and Sons Ltd and The Pathological Society of Great Britain and Ireland,$c2014.
=336  \\$atext$2rdacontent
=337  \\$acomputer$2rdamedia
=338  \\$aonline resource$2rdacarrier
=362  1\$aBegan with accepted article: 24 June 2014; ceased in 2014.
=500  \\$aTitle from accepted articles screen (Wiley Online Library, viewed August 11, 2014).
=540  \\$aCurrent Copyright Fee: zero$c35\0$5Uk
=580  \\$aArticles published June 2014-<August 2014> re-published under new title 'The journal of pathology. Clinical research'.
=710  2\$aPathological Society of Great Britain and Ireland,$eissuing body.
=785  10$tJournal of pathology. Clinical research$x2056-4538
=787  0\$tJournal of pathology (Online)$x1096-9896
=856  \\$31850-9999$uhttp://onlinelibrary.wiley.com/$xBLDSS
=856  40$uhttp://onlinelibrary.wiley.com/journal/10.1002/(ISSN)2054-8818
=945  \\$aClinical journal of pathology
=979  \\$aBritish Library$bDSC$j3286.294250N
=985  \\$aISSN UK Centre note: title change planned for September 2014 to become: Journal of pathology. Clinical research ISSN 2056-4538. Record completed from two "accepted, unedited articles published online and citable", published in June 2014, viewed August 2014.
=985  \\$aISSN ONLY RECORD - DO NOT ADD ITEMS - SEE ISSN UK CENTRE FOR FURTHER INFORMATION
=CAT  \\$a10973$b40$c20140121$lBLL01$h1347
=CAT  \\$a10973$b40$c20140121$lBLL01$h1352
=CAT  \\$a5552$b40$c20140206$lBLL01$h1046
=CAT  \\$a8411$b40$c20140411$lBLL01$h1032
=CAT  \\$a11316$b40$c20140813$lBLL01$h0922
=CAT  \\$aBLDSS-3PM$b00$c20141214$lBLL01$h1527
=CAT  \\$a8874$b40$c20141215$lBLL01$h1012
=CAT  \\$aBATCH-UPD$b40$c20150215$lBLL01$h1707
=CAT  \\$aIPL-CLA$c20150228$lBLL01$h2058
=CAT  \\$a10806$b40$c20150306$lBLL01$h0926
=CAT  \\$a10806$b40$c20150306$lBLL01$h0958
=CAT  \\$a10806$b40$c20150312$lBLL01$h0825
=CAT  \\$aBATCH-UPD$b40$c20180601$lBLL01$h1107
=CAT  \\$a5552$b40$c20200115$lBLL01$h0814
=CAT  \\$aBLDSS-3PM$b00$c20200124$lBLL01$h0859
=CAT  \\$aBATCH-UPD$b00$c20200124$lBLL01$h0900
=CFI  0\$aCurrent Copyright Fee: zero$c35\0$e15-jan-2020$fGBP0.00$g0$hP$5Uk
=FFP  \\$aY$bBLDSS-3PM
=FIN  \\$aY$d20140813
=TOC  \\$aETOC
=UNO  \\$aY
=LAS  \\$aBATCH-UPD$b00$c20200124$lBLL01$h0900

