=LDR  04263cas a2200925 i 4500
=001  016656443
=003  Uk
=005  20230426111056.0
=006  m\\\\\\\\d\|\\\\\\
=007  cr\|||||||||||
=008  140321d19081920enkbx\p\o\\\\\0\\\a0eng\\
=FMT  \\$a  SE
=022  0\$a2055-3080$202
=040  \\$aUk$beng$cUk$erda
=042  \\$aissnuk$aukblsr
=082  04$a616.9883$223
=210  0\$aTrans. Soc. Trop. Med. Hyg.$b(Online)
=222  \0$aTransactions of the Society of Tropical Medicine and Hygiene$b(Online)
=245  00$aTransactions of the Society of Tropical Medicine and Hygiene.
=260  \\$aLondon :$bSociety of Tropical Medicine and Hygiene,$c1908-1920.
=310  \\$a6 no. a year,$bMay 1919-Feb. 1920
=321  \\$aEight no. a year,$b<Nov. 1912>-July 1918
=321  \\$a4 no. a year,$bOct. 1918-Feb. 1919
=336  \\$atext$2rdacontent
=337  \\$acomputer$2rdamedia
=338  \\$aonline resource$2rdacarrier
=362  0\$aVol. 1 (1907/08)-volume XIII, no. 6 (February 20, 1920).
=580  \\$aPortions of v. 1-2 published also in v. 10-12 of the Journal of tropical medicine and hygiene.
=580  \\$aSome providers list issues under Web site of later title: Transactions of the Royal Society of Tropical Medicine and Hygiene.
=588  \\$aDescription based on print version record.
=588  \\$aLatest issue consulted: volume XIII, number 6 (February 20, 1920) (ScienceDirect, viewed January 8, 2015).
=540  \\$aCurrent copyright fee: GBP32.00$c29\0$5Uk
=650  \0$aTropical medicine$vPeriodicals.
=710  2\$aSociety of Tropical Medicine and Hygiene,$eissuing body.
=776  08$iAlso issued in print as:$tTransactions of the Society of Tropical Medicine and Hygiene$x2055-3072
=785  10$tTransactions of the Royal Society of Tropical Medicine and Hygiene (Online)$x1878-3503
=856  \\$31850-9999$uhttp://www.oxfordjournals.org/en/$xBLDSS
=856  40$uhttp://trstmh.oxfordjournals.org/content/by/year
=856  40$uhttp://www.sciencedirect.com/science/journal/00359203
=945  \\$aTransactions- Society of Tropical Medicine and Hygiene.
=979  \\$aBritish Library$bDSC$j9008.860000N
=985  \\$aRecord added for 3rd party access
=CAT  \\$a11315$b40$c20140321$lBLL01$h1148
=CAT  \\$a11315$b40$c20140321$lBLL01$h1154
=CAT  \\$a11316$b40$c20150108$lBLL01$h1346
=CAT  \\$a11316$b40$c20150108$lBLL01$h1352
=CAT  \\$a5552$b40$c20150109$lBLL01$h1045
=CAT  \\$a5508$b40$c20150126$lBLL01$h1516
=CAT  \\$a5508$b40$c20150126$lBLL01$h1518
=CAT  \\$aBLDSS-3PM$b00$c20150215$lBLL01$h1114
=CAT  \\$aBATCH-UPD$b00$c20151119$lBLL01$h1552
=CAT  \\$aIPL-CLA$c20151231$lBLL01$h1935
=CAT  \\$aBATCH-UPD$b00$c20160413$lBLL01$h1827
=CAT  \\$aBATCH-UPD$b00$c20160524$lBLL01$h2215
=CAT  \\$aBATCH-UPD$b00$c20160525$lBLL01$h0058
=CAT  \\$aBATCH-UPD$b00$c20161122$lBLL01$h1522
=CAT  \\$aIPL-CLA$c20161231$lBLL01$h0016
=CAT  \\$a5552$b40$c20170213$lBLL01$h0947
=CAT  \\$a5410$b40$c20170224$lBLL01$h0845
=CAT  \\$aBATCH-UPD$b40$c20171121$lBLL01$h1705
=CAT  \\$aIPL-CLA$c20171231$lBLL01$h1823
=CAT  \\$aBATCH-UPD$b00$c20181217$lBLL01$h1653
=CAT  \\$aIPL-CLA$c20181231$lBLL01$h1553
=CAT  \\$a12654$b40$c20200115$lBLL01$h1030
=CAT  \\$aBATCH-UPD$b40$c20220308$lBLL01$h1729
=CAT  \\$aIPL-CLA$c20220331$lBLL01$h2321
=CAT  \\$aS2302-1302$c20230322$lBLL01$h1708
=CAT  \\$aBATCH-SUPP$c20230426$lBLL01$h1110
=CFI  0\$aCurrent copyright fee: GBP32.00$c29\0$e01-apr-2022$fGBP32.00$g0$hP$5Uk
=CFI  2\$aPrevious copyright fee: GBP29.00$c29\0$e15-jan-2020$fGBP29.00$g0$hP$5Uk
=FFP  \\$aY$bBLDSS-3PM
=FIN  \\$aY$d20140321
=MNI  \\$a2055-3072
=UNO  \\$aY
=ACF  \\$aPrevious copyright fee: GBP23.00$c29\0$e09-jan-2015$fGBP23.00$g0$hP$5Uk
=ACF  \\$aPrevious copyright fee: GBP24.00$c29\0$e01-jan-2016$fGBP24.00$g0$hP$5Uk
=ACF  \\$aPrevious copyright fee: GBP26.00$c29\0$e01-jan-2017$fGBP26.00$g0$hP$5Uk
=ACF  \\$aPrevious copyright fee: GBP28.00$c29\0$e01-jan-2019$fGBP28.00$g0$hP$5Uk
=ACF  \\$aPrevious copyright fee: GBP27.00$c29\0$e01-jan-2018$fGBP27.00$g0$hP$5Uk
=LAS  \\$aBATCH-SUPP$b00$c20230426$lBLL01$h1110

