=LDR  02327 as a22005657i 4500
=001  016860664
=003  Uk
=005  20170203092014.0
=006  m\\\\\\\\d\|\\\\\\
=007  cr||||||||||||
=008  140905d19881993enkbr\p\o\\\\\0\\\a0eng\\
=FMT  \\$a  SE
=022  0\$a1747-3675$202
=040  \\$aUk$beng$cUk$erda
=042  \\$aissnuk
=210  0\$aCurr. opin. neurol. neurosurg.$b(Online)
=222  \0$aCurrent opinion in neurology and neurosurgery$b(Online)
=245  00$aCurrent opinion in neurology and neurosurgery.
=246  1\$iWeb page title:$aCurrent opinion in neurology
=260  \\$aLondon :$bGower Academic Journals,$c1988-1993.
=310  \\$aSix issues yearly
=336  \\$atext$2rdacontent
=337  \\$acomputer$2rdamedia
=338  \\$aonline resource$2rdacarrier
=588  \\$aDescription based on print version record.
=588  \\$aLatest issue consulted: Volume 6, issue 1 (February 1993) (Wolter Kluwer Health/Lippincott Williams & Wilkins, viewed September 5, 2014).
=540  \\$aCurrent copyright fee: GBP32.00$c20\0$5Uk
=776  08$iAlso issued in print as:$tCurrent opinion in neurology and neurosurgery$x0951-7383
=785  00$tCurrent opinion in neurology (Online)$x1473-6551
=856  \\$31850-9999$uhttp://journals.lww.com/pages/default.aspx$xBLDSS
=856  4\$uhttp://journals.lww.com/co-neurology/pages/default.aspx
=945  \\$aCurrent opinion in neurology and neurosurgery.
=979  \\$aBritish Library$bDSC$j3500.776000
=985  \\$aISSN RECORD FOR DIGITAL REPRODUCTION.
=CAT  \\$a11316$b40$c20140905$lBLL01$h1148
=CAT  \\$a5552$b40$c20160120$lBLL01$h1155
=CAT  \\$aBLDSS-3PM$b00$c20160201$lBLL01$h1812
=CAT  \\$aBATCH-UPD$b00$c20160217$lBLL01$h1713
=CAT  \\$aIPL-CLA$c20160331$lBLL01$h1817
=CAT  \\$aBATCH-UPD$b00$c20160413$lBLL01$h1828
=CAT  \\$aBATCH-UPD$b00$c20160524$lBLL01$h2200
=CAT  \\$aBATCH-UPD$b00$c20160524$lBLL01$h2307
=CAT  \\$a5552$b40$c20170127$lBLL01$h1525
=CAT  \\$a5410$b40$c20170203$lBLL01$h0920
=CFI  0\$aCurrent copyright fee: GBP32.00$c20\0$e01-apr-2016$fGBP32.00$g0$hP$5Uk
=CFI  2\$aPrevious copyright fee: GBP30.32$c20\0$e20-jan-2016$fGBP30.32$g0$hP$5Uk
=FFP  \\$aY$bBLDSS-3PM
=FIN  \\$aY$d20140905
=UNO  \\$aY
=LAS  \\$a5410$b40$c20170203$lBLL01$h0920

