=LDR  02399 as a22006137i 4500
=001  016867500
=003  Uk
=005  20201124190503.0
=006  m\\\\\\\\d\|\\\\\\
=007  cr||||||||||||
=008  140916d19771998enkfr\p\o\\\\\0\\\a0eng\\
=FMT  \\$a  SE
=022  0\$a2056-7162$202
=040  \\$aUk$beng$cUk$erda
=041  0\$aeng$afre$beng$bfre
=042  \\$aissnuk
=210  0\$aJ. opt.$b(1977. Online)
=222  \0$aJournal of optics$b(1977. Online)
=245  00$aJournal of optics.
=260  \\$aParis :$bMasson,$c1977-1998.
=264  31$a[Bristol] :$bIOP Publishing
=310  \\$aBimonthly
=336  \\$atext$2rdacontent
=337  \\$acomputer$2rdamedia
=338  \\$aonline resource$2rdacarrier
=500  \\$aContains abstracts, in French.
=546  \\$aIn English or French with summary in the other language.
=580  \\$aContinuation of, and also entitled, "Nouvelle revue d'optique".
=580  \\$aMerged with: Pure and applied optics, to become: Journal of optics. A, Pure and applied optics.
=588  \\$aDescription based on print version record.
=588  \\$aLatest issue consulted: volume 29, number 6 (December 1998) (IOP Science, viewed September 16, 2014).
=540  \\$aCurrent Copyright Fee: GBP30.00$c77\0$5Uk
=776  08$iAlso issued in print as:$tJournal of optics$x0150-536X
=780  10$tNouvelle revue d'optique (Online)$x2049-9817
=785  17$aPure and applied optics (Online)$x1361-6617
=785  17$aJournal of optics. A, Pure and applied optics,$x1741-3567
=856  \\$31850-9999$uhttp://www.iop.org/$xBLDSS
=856  40$uhttp://iopscience.iop.org/0150-536X
=985  \\$aISSN RECORD FOR DIGITAL REPRODUCTION.
=985  \\$aUpgraded by BSS-generated file for WR2011-1473
=CAT  \\$a11316$b40$c20140916$lBLL01$h1227
=CAT  \\$a11316$b40$c20140916$lBLL01$h1228
=CAT  \\$a11316$b40$c20140916$lBLL01$h1439
=CAT  \\$a5552$b40$c20180601$lBLL01$h0819
=CAT  \\$a5552$b40$c20180601$lBLL01$h1345
=CAT  \\$aIPL-CLA$c20180630$lBLL01$h1941
=CAT  \\$aBLDSS-3PM$b00$c20180723$lBLL01$h1540
=CAT  \\$aBATCH-UPD$b00$c20180723$lBLL01$h1549
=CAT  \\$aW2011-1473$b00$c20201124$lBLL01$h1905
=CFI  0\$aCurrent Copyright Fee: GBP30.00$c77\0$e01-jul-2018$fGBP30.00$g0$hP$5Uk
=FFP  \\$aY$bBLDSS-3PM
=FIN  \\$aY$d20140916
=UNO  \\$aY
=LAS  \\$aW2011-1473$b00$c20201124$lBLL01$h1905

