=LDR  02896 as a2200661 a 4500
=001  016874699
=003  Uk
=005  20170425105750.0
=006  m\\\\\o\\d\\\\\\\\
=007  cr\un|||||||||
=008  050614c20039999enkfr\p\o\\\\\0\\\a0eng\c
=FMT  \\$a  SE
=010  \\$a  2009242286
=019  \\$a58728291
=022  0\$a1745-5197$l1476-8690$y1476-8690
=035  \\$a(OCoLC)60623677$z(OCoLC)58728291
=040  \\$aOCLCS$beng$cOCLCS$dMUQ$dHUA$dOCLCQ$dMYG$dOCLCQ$dOCLCA$dOCLCF$dUk
=042  \\$aukblsr
=050  14$aBT301.3$b.J68
=082  04$a232.90805$221
=130  0\$aJournal for the study of the historical Jesus (Online)
=222  \0$aJournal for the study of the historical Jesus$b(Online)
=245  10$aJournal for the study of the historical Jesus$h[electronic resource].
=246  13$aJSHJ
=260  \\$32003-2004 :$aLondon, Eng. ;$aNew York :$bContinuum Pub.,$c2003-
=260  2\$32005-2007 :$aLondon, Eng. ;$aThousand Oaks, CA :$bSage
=260  3\$32008- :$aLeiden, Netherlands :$bBrill
=310  \\$aTwo issues per year
=336  \\$atext$btxt$2rdacontent
=337  \\$acomputer$bc$2rdamedia
=338  \\$aonline resource$bcr$2rdacarrier
=362  1\$aBegan with: Vol. 1, no. 1 (Jan. 2003).
=588  \\$aDescription based on: Vol. 1, no. 1 (2003); title from journal contents page (IngentaConnect, viewed Sept. 29, 2009).
=588  \\$aLatest issue consulted: Vol. 7, no. 2 (2009) (IngentaConnect, viewed Sept. 29, 2009).
=540  \\$aCurrent Copyright Fee: GBP22.00$c74\0$5Uk
=600  00$aJesus Christ$vBiography$vPeriodicals.
=600  00$aJesus Christ$xHistoricity$vPeriodicals.
=630  00$aBible.$pGospels$xCriticism, interpretation, etc.$vPeriodicals.
=776  08$iPrint version:$tJournal for the study of the historical Jesus$x1476-8690
=856  \\$31850-9999$uhttp://booksandjournals.brillonline.com/$xBLDSS
=856  40$uhttp://openurl.ingenta.com/content?genre=journal&issn=1476-8690
=945  \\$aJOURNAL FOR THE STUDY OF THE HISTORICAL JESUS
=979  \\$aBritish Library$bDSC$j5066.899700N
=CAT  \\$a8201$b40$c20140925$lBLL01$h1536
=CAT  \\$aBATCH-CLA$b00$c20141128$lBLL01$h0931
=CAT  \\$aIPL-CLA$c20141231$lBLL01$h1705
=CAT  \\$a9602$b40$c20170302$lBLL01$h1615
=CAT  \\$a5552$b40$c20170425$lBLL01$h1057
=CAT  \\$aBATCH-UPD$b40$c20170425$lBLL01$h2326
=CAT  \\$aBLDSS-3PM$b00$c20170502$lBLL01$h1430
=CAT  \\$aBATCH-UPD$b00$c20170502$lBLL01$h1431
=CFI  0\$aCurrent copyright fee: GBP22.00$c74\0$e25-apr-2017$fGBP22.00$g0$hP$5Uk
=CFI  2\$aPrevious Copyright Fee: GBP12.30$c0$e01-jan-2015$fGBP12.30$g0$hC$5Uk
=FFP  \\$aY$bBLDSS-3PM
=LKR  \\$aPAR$b009919928$lBLL01$r776$mJournal for the study of the historical Jesus (Online)$nJournal for the study of the historical Jesus
=SID  \\$aZ39$bOCLC
=UNO  \\$aY
=LAS  \\$aBATCH-UPD$b00$c20170502$lBLL01$h1431

