=LDR  02467 as a2200649 i 4500
=001  016875810
=003  Uk
=005  20170317151946.0
=006  m\\\\\o\\d\u\\\\\\
=008  101018d20102010ne\ar\p\o\\\\\0\\\a0eng\d
=FMT  \\$a  SE
=022  0\$a2213-6436$l1388-0365
=035  \\$a(OCoLC)819469615
=040  \\$aNLGGC$bdut$cNLGGC$dOCLCO$dUk$efobidrtb
=050  \4$aBM1$b.A6
=080  \\$a26-254.
=084  \\$a11.29$2bcl
=130  0\$aAnnual of rabbinic Judaism (Online)
=222  \4$aThe Annual of rabbinic Judaism$b(Online)
=222  \4$aThe Annual of Rabbinic Judaism$b(Online)
=245  14$aThe annual of Rabbinic Judaism$h[electronic resource] :$bancient, medieval, and modern.
=260  \\$aLeiden [etc.] :$bBrill,$c2010.
=310  \\$aAnnual
=336  \\$atext$2rdacontent
=337  \\$acomputer$2rdamedia
=338  \\$aonline resource$2rdacarrier
=362  0\$aVol. 1 (1998)-vol. 3 (2001).
=540  \\$aCurrent Copyright Fee: GBP22.00$c74\0$5Uk
=650  \0$aJewish law$vPeriodicals.
=650  \0$aJudaism$vPeriodicals$xHistory.
=650  \0$aRabbinical literature$vPeriodicals.
=776  0\$tAnnual of Rabbinic Judaism (Print)$x1388-0365
=785  00$tReview of Rabbinic Judaism (Online)$x1570-0704
=856  \\$31850-9999$uhttp://www.brillonline.com$xBLDSS
=856  4\$uhttp://books.google.com/books?id=JJDXAAAAMAAJ
=856  4\$uhttp://www.brill.com/annual-rabbinic-judaism-0
=856  4\$uhttp://www.ingentaconnect.com/content/brill/rbj
=945  \\$aAnnual of Rabbinic Judaism.
=979  \\$aBritish Library$bDSC$j1093.639000N
=CAT  \\$a8201$b40$c20140929$lBLL01$h1224
=CAT  \\$a8201$b40$c20140929$lBLL01$h1634
=CAT  \\$a5552$b40$c20150203$lBLL01$h1203
=CAT  \\$aBLDSS-3PM$b00$c20150526$lBLL01$h1747
=CAT  \\$aWR15_124$c20150910$lBLL01$h1607
=CAT  \\$aBATCH-UPD$b00$c20160413$lBLL01$h1828
=CAT  \\$aBATCH-UPD$b00$c20160524$lBLL01$h2301
=CAT  \\$aBATCH-UPD$b00$c20160525$lBLL01$h0655
=CAT  \\$a5552$b40$c20170220$lBLL01$h1422
=CAT  \\$a5410$b40$c20170317$lBLL01$h1519
=CFI  0\$aCurrent copyright fee: GBP22.00$c74\0$e03-feb-2015$fGBP22.00$g0$hP$5Uk
=FFP  \\$aY$bBLDSS-3PM
=LKR  \\$aPAR$b011794820$lBLL01$r776$mThe Annual of rabbinic Judaism (Online)$nThe annual of rabbinic Judaism : ancient, medieval, and modern.
=MNI  \\$a1388-0365
=SID  \\$aZ39$bOCLC
=TOC  \\$aETOC
=UNO  \\$aY
=LAS  \\$a5410$b40$c20170317$lBLL01$h1519

