=LDR  02518cas a2200649 a 4500
=001  016881262
=003  Uk
=005  20221123015314.0
=006  m\\\\\o\\d\\\\\\\\
=007  cr\un|||||||||
=008  050614c19929999hu\qr\pso\\\\\0\\\a0eng\d
=FMT  \\$a  SE
=022  0\$a1588-2586$l1216-9803
=035  \\$a(OCoLC)60623519
=040  \\$aOCLCS$beng$cOCLCS$dOCLCQ$dOCLCF$dOCLCO$dUk
=041  0\$aeng$afre$ager$arus
=050  \4$aGN1$b.A25
=082  04$a305.8009439$223
=130  0\$aActa ethnographica Hungarica (Online)
=222  \0$aActa ethnographica Hungarica$b(Online)
=245  10$aActa ethnographica Hungarica$h[electronic resource].
=246  30$aActa ethnographica
=260  \\$aBudapest :$bAkadémiai Kiadó
=310  \\$aFour no. a year
=336  \\$atext$2rdacontent
=337  \\$acomputer$2rdamedia
=338  \\$aonline resource$2rdacarrier
=362  1\$aPrint began with v. 37, no. 1-4 (1991/92).
=500  \\$aSome issues have distinctive titles.
=515  \\$aSome issues combined.
=530  \\$aAlso issued in print.
=538  \\$aMode of access: World Wide Web.
=546  \\$aIn English, French, German, and Russian.
=550  \\$a"A periodical of the Hungarian Academy of Sciences."
=588  \\$aDescription based on print version record.
=540  \\$aCurrent copyright fee: GBP16.00$c83\0$5Uk
=650  \0$aEthnology$vPeriodicals.
=776  08$iAlso issued in print as:$tActa ethnographica Hungarica$x1216-9803
=710  2\$aMagyar Tudományos Akadémia.
=780  00$tActa ethnographica Academiae Scientiarum Hungaricae
=856  \\$31850-9999$uhttp://www.akademiai.com/home/main.mpx$xBLDSS
=856  40$uhttp://www.akkrt.hu/kerdesek/reszletes%5Fhjour.jsp?id=022
=979  \\$aBritish Library$bDSC$j0615.545200N
=985  \\$aUpgraded by BSS-generated file for WR2011-1473
=CAT  \\$a8201$b40$c20141002$lBLL01$h1354
=CAT  \\$aW2011-1473$b00$c20201124$lBLL01$h1905
=CAT  \\$a12654$b40$c20221118$lBLL01$h0837
=CAT  \\$a12654$b40$c20221118$lBLL01$h0839
=CAT  \\$aBLDSS-3PM$b00$c20221122$lBLL01$h0853
=CAT  \\$aBATCH-UPD$b00$c20221122$lBLL01$h0854
=CAT  \\$aBATCH-UNOA$c20221123$lBLL01$h0153
=CFI  0\$aCurrent copyright fee: GBP16.00$c83\0$e18-nov-2022$fGBP16.00$g0$hP$5Uk
=FFP  \\$aY$bBLDSS-3PM
=LKR  \\$aPAR$b009185001$lBLL01$r776$mActa ethnographica Hungarica (Online)$nActa ethnographica Hungarica (Print)
=SID  \\$aZ39$bOCLC
=UNO  \\$aY
=LAS  \\$aBATCH-UNOA$b00$c20221123$lBLL01$h0153

