=LDR  02931 as a2200697 a 4500
=001  016881372
=003  Uk
=005  20190903104349.0
=006  m\\\\\o\\d\\\\\\\\
=007  cr\un|||||||||
=008  060425c20029999hu\tr\p\o\o\\\0\\\a0eng\d
=FMT  \\$a  SE
=022  \\$a1588-970X$l1588-970X$y1588-9726
=035  \\$a(OCoLC)67618461
=040  \\$aOCLCS$beng$cOCLCS$dOCLCS$dOCLCQ$dEYM$dOCLCQ$dOCLCF$dUk
=043  \\$ae-hu---
=050  \4$aHB9$b.S734
=082  04$a330$223
=130  0\$aSociety and economy (Online)
=222  \0$aSociety and economy$b(Online)
=245  10$aSociety and economy$h[electronic resource] /$cjournal of the Budapest University of Economic Sciences and Public Administration.
=260  \\$aBudapest :$bAkadémiai Kiadó,$cc2002-
=310  \\$a3 issues yearly,$b2010-
=321  \\$aThree issues yearly,$b2002-2006
=321  \\$aSemiannual,$b2007-2009
=336  \\$atext$2rdacontent
=337  \\$acomputer$2rdamedia
=338  \\$aonline resource$2rdacarrier
=362  0\$aVol. 24, no. 1 (2002)-
=500  \\$aTitle from PDF cover (JSTOR, viewed Nov. 19, 2012).
=538  \\$aMode of access: World Wide Web.
=540  \\$aCurrent copyright fee: zero$c83\0$5Uk
=550  \\$aIssued by: the Corvinus University of Budapest, 2005-
=580  \\$aContinues the English portion of: Társadalom és gazdaság Közép- és Kelet-Európában.
=588  \\$aLatest issue consulted: Vol. 28, no. 3 (Dec. 2006) (JSTOR, viewed Nov. 19, 2012).
=650  \0$aEconomics$vPeriodicals.
=650  \0$aBusiness ethics$vPeriodicals.
=650  \0$aEducation$zHungary$vPeriodicals.
=651  \0$aHungary$xEconomic conditions$y1989-$vPeriodicals.
=776  08$iPrint version:$tSociety and economy$x1588-9726
=710  2\$aBudapesti Közgazdaságtudományi és Államigazgatási Egyetem.
=710  2\$aAkadémiai Kiadó.
=710  2\$aBudapesti Corvinus Egyetem.
=780  11$tSociety and economy in Central and Eastern Europe (Online)$x1588-9742
=856  \\$31850-9999$uhttp://www.akademiai.com/home/main.mpx$xBLDSS
=856  40$uhttp://www.jstor.org/action/showPublication?journalCode=sociecon
=856  40$uhttp://www.swetswise.com/link/access%5Fdb?issn=1588-9726
=979  \\$aBritish Library$bDSC$j8319.188400N
=CAT  \\$a8201$b40$c20141002$lBLL01$h1459
=CAT  \\$aBATCH-UPD$b40$c20170909$lBLL01$h1800
=CAT  \\$a12654$b40$c20190828$lBLL01$h1055
=CAT  \\$a12654$b40$c20190903$lBLL01$h1043
=CAT  \\$aBATCH-UPD$b40$c20190904$lBLL01$h0035
=CAT  \\$aBLDSS-3PM$b00$c20190904$lBLL01$h0902
=CAT  \\$aBATCH-UPD$b00$c20190904$lBLL01$h0903
=CFI  0\$aCurrent copyright fee: zero$c83\0$e28-aug-2019$fGBP0.00$g0$hP$5Uk
=FFP  \\$aY$bBLDSS-3PM
=LKR  \\$aPAR$b012443788$lBLL01$r776$mSociety and economy (Online)$nSociety and economy
=SID  \\$aZ39$bOCLC
=UNO  \\$aY
=LAS  \\$aBATCH-UPD$b00$c20190904$lBLL01$h0903

