=LDR  01927 as a22005417i 4500
=001  016930034
=003  Uk
=005  20170209091716.0
=006  m\\\\\\\\d\|\\\\\\
=007  cr||||||||||||
=008  141103c20159999enkwr\p\o\\\\\0\\\a0eng\\
=FMT  \\$a  SE
=022  0\$a2057-1992$y2057-1984$202
=040  \\$aUk$beng$cUk$erda
=042  \\$aissnuk
=222  \0$aCosmetics business news$b(Online)
=245  00$aCosmetics business news.
=264  \1$aLondon, UK :$bHPCi Media
=310  \\$aWeekly
=336  \\$atext$2rdacontent
=337  \\$acomputer$2rdamedia
=338  \\$aonline resource$2rdacarrier
=540  \\$aCurrent Copyright Fee: GBP12.50$c110\0$5Uk
=776  08$iAlso issued in print as:$tCosmetics business news$x2057-1984
=856  40$uhttp://www.cosmeticsbusiness.com/Category/Cosmetics_Business_News
=856  \\$31850-9999$uhttp://www.hpcimedia.com/$xBLDSS
=945  \\$aCosmetics business news
=979  \\$aBritish Library$bDSC$j3477.185200
=985  \\$aISSN description based on issue 3 (2 February 2015)
=CAT  \\$a11313$b40$c20141103$lBLL01$h1028
=CAT  \\$a7152$b40$c20141125$lBLL01$h1328
=CAT  \\$a5552$b40$c20150310$lBLL01$h0924
=CAT  \\$a5552$b40$c20150310$lBLL01$h1044
=CAT  \\$a10806$b40$c20150427$lBLL01$h1052
=CAT  \\$a10806$b40$c20150427$lBLL01$h1058
=CAT  \\$a10806$b40$c20150427$lBLL01$h1059
=CAT  \\$aBLDSS-3PM$b00$c20150513$lBLL01$h0807
=CAT  \\$a8323$b40$c20150821$lBLL01$h1128
=CAT  \\$a10973$b40$c20151109$lBLL01$h1309
=CAT  \\$aBATCH-UPD$b40$c20160413$lBLL01$h1828
=CAT  \\$a5552$b40$c20170126$lBLL01$h1344
=CAT  \\$a5410$b40$c20170209$lBLL01$h0917
=CFI  0\$aCurrent copyright fee: GBP12.50$c110\0$e10-mar-2015$fGBP12.50$g0$hP$5Uk
=FFP  \\$aY$bBLDSS-3PM
=FIN  \\$aY$d20150821
=LET  \0$aCosmetics business news (Electronic)
=UNO  \\$aY
=LAS  \\$a5410$b40$c20170209$lBLL01$h0917

