=LDR  02240 as a22005537i 4500
=001  016934331
=003  Uk
=005  20180601134826.0
=006  m\\\\\\\\d\|\\\\\\
=007  cr||||||||||||
=008  141106d19681988enkzr\p\o\\\\\0\\\a0eng\\
=FMT  \\$a  SE
=022  0\$a1747-3802$202
=040  \\$aUk$beng$cUk$erda
=042  \\$aissnuk
=210  0\$aJ. phys., C Solid state phys.$b(Online)
=222  \0$aJournal of physics. C, Solid state physics$b(Online)
=245  00$aJournal of physics.$nC,$pSolid state physics.
=260  \\$aLondon :$bInstitute of Physics
=310  \\$a3 times a month,$b1980-1988
=321  \\$aFrequency varies,$b1968-1979
=336  \\$atext$2rdacontent
=337  \\$acomputer$2rdamedia
=338  \\$aonline resource$2rdacarrier
=580  \\$aMerged with: Journal of Physics. F, Metal physics to form: Journal of physics. Condensed matter.
=588  \\$aDescription based on print version record.
=588  \\$aLatest issue consulted: volume 21, number 36 (30 December 1988) (IOP Science, viewed November 6, 2014).
=540  \\$aCurrent Copyright Fee: GBP30.00$c77\0$5Uk
=710  2\$aInstitute of Physics (Great Britain)
=776  08$iAlso issued in print as:$tJournal of physics. C. Solid state physics$x0022-3719
=780  00$tJournal of physics. C, Proceedings of the Physical Society. Solid state physics
=785  17$tJournal of physics. F, Metal physics$x1747-3918
=785  17$tJournal of physics. Condensed matter$x1361-648X
=856  \\$31850-9999$uhttp://www.iop.org/$xBLDSS
=856  4\$uhttp://iopscience.iop.org/0022-3719/
=985  \\$aISSN RECORD FOR DIGITAL REPRODUCTION.
=CAT  \\$a11316$b40$c20141106$lBLL01$h0912
=CAT  \\$a11316$b40$c20150109$lBLL01$h1228
=CAT  \\$a11316$b40$c20150109$lBLL01$h1348
=CAT  \\$a5552$b40$c20180601$lBLL01$h0834
=CAT  \\$a5552$b40$c20180601$lBLL01$h1348
=CAT  \\$aIPL-CLA$c20180630$lBLL01$h1941
=CAT  \\$aBLDSS-3PM$b00$c20180723$lBLL01$h1540
=CAT  \\$aBATCH-UPD$b00$c20180723$lBLL01$h1549
=CFI  0\$aCurrent Copyright Fee: GBP30.00$c77\0$e01-jul-2018$fGBP30.00$g0$hP$5Uk
=FFP  \\$aY$bBLDSS-3PM
=FIN  \\$aY$d20141106
=UNO  \\$aY
=LAS  \\$aBATCH-UPD$b00$c20180723$lBLL01$h1549

