=LDR  02201 as a22005417i 4500
=001  016934362
=003  Uk
=005  20180601140557.0
=006  m\\\\\\\\d\|\\\\\\
=007  cr||||||||||||
=008  141106d19581967enkmr\p\o\\\\\0\\\a0eng\\
=FMT  \\$a  SE
=022  0\$a1747-3810$202
=040  \\$aUk$beng$cUk$erda
=042  \\$aissnuk
=082  04$a530$223
=210  0\$aProc. Phys. Soc.$b(1958. Online)
=222  \0$aProceedings of the Physical Society$b(1958. Online)
=245  00$aProceedings of the Physical Society.
=260  \\$aLondon :$bInstitute of Physics and the Physical Society,$c1958-1967.
=310  \\$aMonthly
=336  \\$atext$2rdacontent
=337  \\$acomputer$2rdamedia
=338  \\$aonline resource$2rdacarrier
=588  \\$aDescription based on print version record.
=588  \\$aLatest issue consulted: volume 92, number 4 (December 1967) (IOP Science, viewed November 6, 2014).
=540  \\$aCurrent Copyright Fee: GBP30.00$c77\0$5Uk
=710  2\$aInstitute of Physics and the Physical Society.
=776  08$iAlso issued in print as:$tProceedings of the Physical Society (1958)$x0370-1328
=780  14$tProceedings of the Physical Society. Section A
=780  14$tProceedings of the Physical Society. Section B
=785  06$tJournal of physics. A, Proceedings of the Physical Society. General
=785  06$tJournal of physics. B, Proceedings of the Physical Society. Atomic and molecular physics
=785  06$tJournal of physics. C, Proceedings of the Physical Society. Solid state physics
=856  \\$31850-9999$uhttp://www.iop.org/$xBLDSS
=856  40$uhttp://iopscience.iop.org/0370-1328
=985  \\$aISSN RECORD FOR DIGITAL REPRODUCTION.
=CAT  \\$a11316$b40$c20141106$lBLL01$h0941
=CAT  \\$a5552$b40$c20180601$lBLL01$h0903
=CAT  \\$a5552$b40$c20180601$lBLL01$h1405
=CAT  \\$aIPL-CLA$c20180630$lBLL01$h1941
=CAT  \\$aBLDSS-3PM$b00$c20180723$lBLL01$h1540
=CAT  \\$aBATCH-UPD$b00$c20180723$lBLL01$h1549
=CFI  0\$aCurrent Copyright Fee: GBP30.00$c77\0$e01-jul-2018$fGBP30.00$g0$hP$5Uk
=FFP  \\$aY$bBLDSS-3PM
=FIN  \\$aY$d20141106
=UNO  \\$aY
=LAS  \\$aBATCH-UPD$b00$c20180723$lBLL01$h1549

