=LDR  02360 as a22005897i 4500
=001  016934572
=003  Uk
=005  20200722074224.0
=006  m\\\\\\\\d\|\\\\\\
=007  cr||||||||||||
=008  141106d19491957enkmr\p\o\\\\\0\\\a0eng\\
=FMT  \\$a  SE
=022  0\$a1747-3837$202
=040  \\$aUk$beng$cUk$erda
=042  \\$aissnuk
=082  04$a530$223
=210  0\$aProc. Phys. Soc., Sect. B$b(Online)
=222  \0$aProceedings of the Physical Society. Section B$b(Online)
=245  00$aProceedings of the Physical Society.$nSection B.
=260  \\$aLondon :$bPhysical Society,$c1949-1957.
=310  \\$aMonthly
=336  \\$atext$2rdacontent
=337  \\$acomputer$2rdamedia
=338  \\$aonline resource$2rdacarrier
=580  \\$aMerged with: Proceedings of the Physical Society. Section A, to form: Proceedings of the Physical Society (1958).
=588  \\$aDescription based on print version record.
=588  \\$aLatest issue consulted: volume 70, number 12 (1 December 1957) (IOP Science, viewed November 6, 2014).
=540  \\$aCurrent Copyright Fee: GBP30.00$c77\0$5Uk
=710  2\$aPhysical Society (Great Britain)
=776  08$iAlso issued in print as:$tProceedings of the Physical Society. Section B$x0370-1301
=780  00$tProceedings of the Physical Society (1926)$x2051-2171
=785  17$tProceedings of the Physical Society. Section A$x1747-3829
=785  17$tProceedings of the Physical Society (1958)$x1747-3810
=856  \\$31850-9999$uhttp://www.iop.org/$xBLDSS
=856  40$uhttp://iopscience.iop.org/0370-1301
=979  \\$aBritish Library$bDSC$j6787.004000
=985  \\$aISSN RECORD FOR DIGITAL REPRODUCTION.
=CAT  \\$a11316$b40$c20141106$lBLL01$h1403
=CAT  \\$a11313$b40$c20141216$lBLL01$h0917
=CAT  \\$a10806$b40$c20150120$lBLL01$h1129
=CAT  \\$a5552$b40$c20180601$lBLL01$h0905
=CAT  \\$a5552$b40$c20180601$lBLL01$h1405
=CAT  \\$aIPL-CLA$c20180630$lBLL01$h1941
=CAT  \\$aBLDSS-3PM$b00$c20180723$lBLL01$h1540
=CAT  \\$aBATCH-UPD$b00$c20180723$lBLL01$h1549
=CAT  \\$a12654$b40$c20200722$lBLL01$h0740
=CAT  \\$a12654$b40$c20200722$lBLL01$h0742
=CFI  0\$aCurrent Copyright Fee: GBP30.00$c77\0$e01-jul-2018$fGBP30.00$g0$hP$5Uk
=FFP  \\$aY$bBLDSS-3PM
=FIN  \\$aY$d20141106
=UNO  \\$aY
=LAS  \\$a12654$b40$c20200722$lBLL01$h0742

