=LDR  01798 as a22004817i 4500
=001  016934576
=003  Uk
=005  20180601141031.0
=006  m\\\\\\\\d\|\\\\\\
=007  cr||||||||||||
=008  141106d18741926enkbn\p\o\\\\\0\\\a0eng\\
=FMT  \\$a  SE
=022  0\$a1747-3845$202
=040  \\$aUk$beng$cUk$erda
=042  \\$aissnuk
=082  04$a530$223
=210  0\$aProc. Phys. Soc. Lond.$b(Online)
=222  \0$aProceedings of the Physical Society of London$b(Online)
=245  00$aProceedings of the Physical Society of London.
=260  \\$aLondon :$b[Physical Society of London],$c1874-1926.
=336  \\$atext$2rdacontent
=337  \\$acomputer$2rdamedia
=338  \\$aonline resource$2rdacarrier
=588  \\$aDescription based on print version record.
=588  \\$aLatest issue consulted: volume 38 (1925) (IOP Science, viewed November 6, 2014).
=540  \\$aCurrent Copyright Fee: GBP30.00$c77\0$5Uk
=710  2\$aPhysical Society of London.
=776  08$iAlso issued in print as:$tProceedings of the Physical Society of London$x1478-7814
=785  00$tProceedings of the Physical Society (1926)$x2051-2171
=856  \\$31850-9999$uhttp://www.iop.org/$xBLDSS
=856  40$uhttp://iopscience.iop.org/1478-7814
=985  \\$aISSN RECORD FOR DIGITAL REPRODUCTION.
=CAT  \\$a11316$b40$c20141106$lBLL01$h1414
=CAT  \\$a5552$b40$c20180601$lBLL01$h0908
=CAT  \\$a5552$b40$c20180601$lBLL01$h1410
=CAT  \\$aIPL-CLA$c20180630$lBLL01$h1941
=CAT  \\$aBLDSS-3PM$b00$c20180723$lBLL01$h1540
=CAT  \\$aBATCH-UPD$b00$c20180723$lBLL01$h1549
=CFI  0\$aCurrent Copyright Fee: GBP30.00$c77\0$e01-jul-2018$fGBP30.00$g0$hP$5Uk
=FFP  \\$aY$bBLDSS-3PM
=FIN  \\$aY$d20141106
=UNO  \\$aY
=LAS  \\$aBATCH-UPD$b00$c20180723$lBLL01$h1549

