=LDR  01732 as a22004697i 4500
=001  016934586
=003  Uk
=005  20180606092109.0
=006  m\\\\\\\\d\|\\\\\\
=007  cr||||||||||||
=008  141106d19001932enkqr\p\o\\\\\0\\\a0eng\\
=FMT  \\$a  SE
=022  0\$a1747-3853$202
=040  \\$aUk$beng$cUk$erda
=042  \\$aissnuk
=210  0\$aTrans. Opt. Soc.$b(Online)
=222  \0$aTransactions of the Optical Society$b(Online)
=245  00$aTransactions of the Optical Society.
=260  \\$aLondon :$bOptical Society.
=336  \\$atext$2rdacontent
=337  \\$acomputer$2rdamedia
=338  \\$aonline resource$2rdacarrier
=588  \\$aDescription based on print version record.
=588  \\$aLatest issue consulted: volume 33, number 5 (1931/1932) (IOP Science, viewed November 6, 2014).
=540  \\$aCurrent Copyright Fee: GBP30.00$c77\0$5Uk
=710  2\$aOptical Society (Great Britain)
=776  08$iAlso issued in print as:$tTransactions of the Optical Society$x1475-4878
=785  04$tProceedings of the Physical Society (1926)$x2051-2171
=856  \\$31850-9999$uhttp://www.iop.org/$xBLDSS
=856  40$uhttp://iopscience.iop.org/1475-4878
=985  \\$aISSN RECORD FOR DIGITAL REPRODUCTION.
=CAT  \\$a11316$b40$c20141106$lBLL01$h1428
=CAT  \\$a5552$b40$c20180601$lBLL01$h0931
=CAT  \\$a5552$b40$c20180606$lBLL01$h0921
=CAT  \\$aIPL-CLA$c20180630$lBLL01$h1941
=CAT  \\$aBLDSS-3PM$b00$c20180723$lBLL01$h1540
=CAT  \\$aBATCH-UPD$b00$c20180723$lBLL01$h1549
=CFI  0\$aCurrent Copyright Fee: GBP30.00$c77\0$e01-jul-2018$fGBP30.00$g0$hP$5Uk
=FFP  \\$aY$bBLDSS-3PM
=FIN  \\$aY$d20141106
=UNO  \\$aY
=LAS  \\$aBATCH-UPD$b00$c20180723$lBLL01$h1549

