=LDR  01864 as a22005177i 4500
=001  016934619
=003  Uk
=005  20180601141051.0
=006  m\\\\\\\\d\|\\\\\\
=007  cr||||||||||||
=008  141106d19881994enkbr\p\o\\\\\0\\\a0eng\\
=FMT  \\$a  SE
=022  0\$a1747-3861$202
=040  \\$aUk$beng$cUk$erda
=042  \\$aissnuk
=082  04$a535.15$223
=210  0\$aQuantum opt.$b(Online)
=222  \0$aQuantum optics$b(Online)
=245  00$aQuantum optics.
=246  1\$iWeb page title:$aQuantum optics, journal of the European Optical Society.$nPart B
=260  \\$aBristol :$bIOP Publishing,$c1989-1994.
=310  \\$aBimonthly
=336  \\$atext$2rdacontent
=337  \\$acomputer$2rdamedia
=338  \\$aonline resource$2rdacarrier
=588  \\$aDescription based on print version record.
=588  \\$aLatest issue consulted: volume 6, number 6 (December 1994) (IOP Science, viewed November 6, 2014).
=540  \\$aCurrent Copyright Fee: GBP30.00$c77\0$5Uk
=710  2\$aEuropean Optical Society.
=776  08$iAlso issued in print as:$tQuantum optics$x0954-8998
=785  00$tQuantum and semiclassical optics$x1361-6625
=856  \\$31850-9999$uhttp://www.iop.org/$xBLDSS
=856  40$uhttp://iopscience.iop.org/0954-8998
=985  \\$aISSN RECORD FOR DIGITAL REPRODUCTION.
=CAT  \\$a11316$b40$c20141106$lBLL01$h1518
=CAT  \\$a11316$b40$c20141106$lBLL01$h1519
=CAT  \\$a5552$b40$c20180601$lBLL01$h0926
=CAT  \\$a5552$b40$c20180601$lBLL01$h1410
=CAT  \\$aIPL-CLA$c20180630$lBLL01$h1941
=CAT  \\$aBLDSS-3PM$b00$c20180723$lBLL01$h1540
=CAT  \\$aBATCH-UPD$b00$c20180723$lBLL01$h1549
=CFI  0\$aCurrent Copyright Fee: GBP30.00$c77\0$e01-jul-2018$fGBP30.00$g0$hP$5Uk
=FFP  \\$aY$bBLDSS-3PM
=FIN  \\$aY$d20141106
=UNO  \\$aY
=LAS  \\$aBATCH-UPD$b00$c20180723$lBLL01$h1549

