=LDR  01988 as a22004937i 4500
=001  016934697
=003  Uk
=005  20180601135427.0
=006  m\\\\\\\\d\|\\\\\\
=007  cr||||||||||||
=008  141106d19501967enkmr\p\o\\\\\0\\\a0eng\\
=FMT  \\$a  SE
=022  0\$a1747-387X$202
=040  \\$aUk$beng$cUk$erda
=042  \\$aissnuk
=210  0\$aJ. scient. instrum.$b(1950. Online)
=222  \0$aJournal of scientific instruments$b(1950. Online)
=245  00$aJournal of scientific instruments.
=260  \\$aLondon :$bInstitute of Physics and the Physical Society
=336  \\$atext$2rdacontent
=337  \\$acomputer$2rdamedia
=338  \\$aonline resource$2rdacarrier
=550  \\$aTo vol.44, 1967 produced with the co-operation of the National Physical Laboratory.
=588  \\$aDescription based on print version record.
=588  \\$aLatest issue consulted: volume 44, number 12 (December 1967) (IOP Science, viewed November 6, 2014).
=540  \\$aCurrent Copyright Fee: GBP30.00$c77\0$5Uk
=710  2\$aInstitute of Physics and the Physical Society.
=776  08$iAlso issued in print as:$tJournal of scientific instruments (1950)$x0950-7671
=780  00$tJournal of scientific instruments and of physics in industry
=785  00$tJournal of physics. E, Journal of scientific instruments$x2051-5677
=856  \\$31850-9999$uhttp://www.iop.org/$xBLDSS
=856  40$uhttp://iopscience.iop.org/0950-7671
=985  \\$aISSN RECORD FOR DIGITAL REPRODUCTION.
=CAT  \\$a11316$b40$c20141106$lBLL01$h1539
=CAT  \\$a5552$b40$c20180601$lBLL01$h0846
=CAT  \\$a5552$b40$c20180601$lBLL01$h1354
=CAT  \\$aIPL-CLA$c20180630$lBLL01$h1941
=CAT  \\$aBLDSS-3PM$b00$c20180723$lBLL01$h1540
=CAT  \\$aBATCH-UPD$b00$c20180723$lBLL01$h1549
=CFI  0\$aCurrent Copyright Fee: GBP30.00$c77\0$e01-jul-2018$fGBP30.00$g0$hP$5Uk
=FFP  \\$aY$bBLDSS-3PM
=FIN  \\$aY$d20141106
=UNO  \\$aY
=LAS  \\$aBATCH-UPD$b00$c20180723$lBLL01$h1549

