=LDR  01803 as a22004937i 4500
=001  016941840
=003  Uk
=005  20180601140230.0
=006  m\\\\\\\\d\|\\\\\\
=007  cr||||||||||||
=008  141112d19701972enktr\p\o\\\\\0\\\a0eng\\
=FMT  \\$a  SE
=022  0\$a2057-2417$202
=040  \\$aUk$beng$cUk$erda
=042  \\$aissnuk
=210  0\$aRev. phys. technol.$b(Online)
=222  \0$aReview of physics in technology$b(Online)
=245  00$aReview of physics in technology.
=260  \\$aLondon :$bInstitute of Physics,$c1970-1972.
=310  \\$aThree times a year
=336  \\$atext$2rdacontent
=337  \\$acomputer$2rdamedia
=338  \\$aonline resource$2rdacarrier
=588  \\$aDescription based on print version record.
=588  \\$aLatest issue consulted: volume 3, number 3 (1972) (IOP Science, viewed November 12, 2014).
=540  \\$aCurrent Copyright Fee: GBP30.00$c77\0$5Uk
=710  2\$aInstitute of Physics (Great Britain)
=776  08$iAlso issued in print as:$tReview of physics in technology$x0034-6683
=785  00$tPhysics in technology$x1747-3888
=856  \\$31850-9999$uhttp://www.iop.org/$xBLDSS
=856  4\$uhttp://iopscience.iop.org/0034-6683
=985  \\$aISSN RECORD FOR DIGITAL REPRODUCTION.
=CAT  \\$a11316$b40$c20141112$lBLL01$h0847
=CAT  \\$a11316$b40$c20141112$lBLL01$h0904
=CAT  \\$a5552$b40$c20180601$lBLL01$h0900
=CAT  \\$a5552$b40$c20180601$lBLL01$h1402
=CAT  \\$aIPL-CLA$c20180630$lBLL01$h1941
=CAT  \\$aBLDSS-3PM$b00$c20180723$lBLL01$h1540
=CAT  \\$aBATCH-UPD$b00$c20180723$lBLL01$h1549
=CFI  0\$aCurrent Copyright Fee: GBP30.00$c77\0$e01-jul-2018$fGBP30.00$g0$hP$5Uk
=FFP  \\$aY$bBLDSS-3PM
=FIN  \\$aY$d20141112
=UNO  \\$aY
=LAS  \\$aBATCH-UPD$b00$c20180723$lBLL01$h1549

