=LDR  02046 as a22005297i 4500
=001  017005297
=003  Uk
=005  20180601135746.0
=006  m\\\\\\\\d\|\\\\\\
=007  cr||||||||||||
=008  150109d19811987enkqr\p\o\\\\\0\\\a0eng\\
=FMT  \\$a  SE
=022  0\$a1747-390X$202
=040  \\$aUk$beng$cUk$erda
=042  \\$aissnuk
=082  04$a363.1799$223
=210  0\$aJ. Soc. Radiol. Prot.$b(Online)
=222  \0$aJournal of the Society for Radiological Protection$b(Online)
=245  00$aJournal of the Society for Radiological Protection.
=260  \\$a[S.l.] :$bSociety for Radiological Protection
=310  \\$aQuarterly
=336  \\$atext$2rdacontent
=337  \\$acomputer$2rdamedia
=338  \\$aonline resource$2rdacarrier
=588  \\$aDescription based on print version record.
=588  \\$aLatest issue consulted: volume 7, number 4 (winter 1987) (IOP Science, viewed January 9, 2015).
=540  \\$aCurrent Copyright Fee: GBP30.00$c77\0$5Uk
=776  08$iAlso issued in print as:$tJournal of the Society for Radiological Protection$x0260-2814
=785  00$tJournal of radiological protection$x1361-6498
=856  \\$31850-9999$uhttp://www.iop.org/$xBLDSS
=856  40$uhttp://iopscience.iop.org/0260-2814
=945  \\$aJOURNAL- SOCIETY FOR RADIOLOGICAL PROTECTION.
=979  \\$aBritish Library$bDSC$j4896.750000
=985  \\$aISSN RECORD FOR DIGITAL REPRODUCTION.
=CAT  \\$a11316$b40$c20150109$lBLL01$h1214
=CAT  \\$a5552$b40$c20170404$lBLL01$h0855
=CAT  \\$a5552$b40$c20180601$lBLL01$h0849
=CAT  \\$a5552$b40$c20180601$lBLL01$h1357
=CAT  \\$aBLDSS-3PM$b00$c20180605$lBLL01$h1436
=CAT  \\$aBATCH-UPD$b00$c20180605$lBLL01$h1437
=CAT  \\$aIPL-CLA$c20180630$lBLL01$h1942
=CFI  0\$aCurrent Copyright Fee: GBP30.00$c77\0$e01-jul-2018$fGBP30.00$g0$hP$5Uk
=CFI  2\$aPrevious copyright fee: GBP20.00$c77\0$e05-dec-2012$fGBP20.00$g0$hP$5Uk
=FFP  \\$aY$bBLDSS-3PM
=FIN  \\$aY$d20150109
=UNO  \\$aY
=LAS  \\$aIPL-CLA$b00$c20180630$lBLL01$h1942

