=LDR  02782 as a22006737i 4500
=001  017005333
=003  Uk
=005  20180601135447.0
=006  m\\\\\\\\d\|\\\\\\
=007  cr||||||||||||
=008  150109d19711988enkmr\p\o\\\\\0\\\a0eng\\
=FMT  \\$a  SE
=022  0\$a1747-3918$202
=040  \\$aUk$beng$cUk$erda
=042  \\$aissnuk$aukblsr
=082  04$a530.41$223
=210  0\$aJ. phys., F Met. phys.$b(Online)
=222  \0$aJournal of physics. F, Metal physics$b(Online)
=245  00$aJournal of physics.$nF,$pMetal physics.
=246  30$aMetal physics
=260  \\$aLondon :$bInstitute of Physics and Physical Society
=260  2\$a[London] :$bInstitute of Physics in association with the Institute of Metals and the Institution of Metallurgists
=260  3\$aLondon :$bInstitute of Physics
=310  \\$aMonthly,$b1973-1988
=321  \\$aBimonthly,$b1971-1972
=336  \\$atext$2rdacontent
=337  \\$acomputer$2rdamedia
=338  \\$aonline resource$2rdacarrier
=580  \\$aMerged with: Journal of physics C, Solid state physics, to form: Journal of physics. Condensed matter.
=588  \\$aDescription based on print version record.
=588  \\$aLatest issue consulted: volume 18, number 12 (December 1988) (IOP Science, viewed January 9, 2015).
=540  \\$aCurrent Copyright Fee: GBP30.00$c77\0$5Uk
=650  \0$aMetals$vPeriodicals.
=710  2\$aInstitute of Physics and the Physical Society.
=710  2\$aInstitute of Metals.
=710  2\$aInstitution of Metallurgists (Great Britain)
=710  2\$aInstitute of Physics (Great Britain)
=776  08$iAlso issued in print as:$tJournal of physics F. Metal physics$x0305-4608
=780  01$tMetal physics
=785  17$tJournal of physics. C, Solid state physics$x1747-3802
=785  17$tJournal of physics. Condensed matter$x1361-648X
=856  \\$31850-9999$uhttp://www.iop.org/$xBLDSS
=856  40$uhttp://iopscience.iop.org/0305-4608
=985  \\$aISSN RECORD FOR DIGITAL REPRODUCTION.
=CAT  \\$a11316$b40$c20150109$lBLL01$h1348
=CAT  \\$a11316$b40$c20150109$lBLL01$h1447
=CAT  \\$a8124$b40$c20150211$lBLL01$h0906
=CAT  \\$a8124$b40$c20150211$lBLL01$h0908
=CAT  \\$a5552$b40$c20180601$lBLL01$h0843
=CAT  \\$a5552$b40$c20180601$lBLL01$h1354
=CAT  \\$aIPL-CLA$c20180630$lBLL01$h1942
=CAT  \\$aBLDSS-3PM$b00$c20180723$lBLL01$h1540
=CAT  \\$aBATCH-UPD$b00$c20180723$lBLL01$h1549
=CFI  0\$aCurrent Copyright Fee: GBP30.00$c77\0$e01-jul-2018$fGBP30.00$g0$hP$5Uk
=FFP  \\$aY$bBLDSS-3PM
=FIN  \\$aY$d20150109
=LKR  \\$aPAR$b010491520$lBLL01$nJournal of physics F. Metal physics (Print)$mJournal of physics F. Metal physics (Online)$r776
=UNO  \\$aY
=LAS  \\$aBATCH-UPD$b00$c20180723$lBLL01$h1549

