=LDR  01948 as a22005057i 4500
=001  017005416
=003  Uk
=005  20180601135439.0
=006  m\\\\\\\\d\|\\\\\\
=007  cr||||||||||||
=008  150109d19751988enkmr\p\o\\\\\0\\\a0eng\\
=FMT  \\$a  SE
=022  0\$a2057-763X$202
=040  \\$aUk$beng$cUk$erda
=042  \\$aissnuk
=210  0\$aJ. phys., G Nucl. phys.$b(Online)
=222  \0$aJournal of physics. G, Nuclear physics$b(Online)
=245  00$aJournal of physics.$nG,$pNuclear physics.
=246  30$aNuclear physics
=260  \\$aBristol :$bInstitute of Physics ;$aLetchworth :$bDistributed by Physics Trust Publications,$c1975-1988.
=310  \\$aMonthly
=336  \\$atext$2rdacontent
=337  \\$acomputer$2rdamedia
=338  \\$aonline resource$2rdacarrier
=588  \\$aDescription based on print version record.
=588  \\$aLatest issue consulted: volume 14, number 12 (December 1988) (IOP Science, viewed January 9, 2015).
=540  \\$aCurrent Copyright Fee: GBP30.00$c77\0$5Uk
=710  2\$aAmerican Institute of Physics.
=710  2\$aInstitute of Physics (Great Britain)
=776  08$iAlso issued in print as:$tJournal of physics. G, Nuclear physics$x0305-4616
=785  00$tJournal of physics. G, Nuclear and particle physics$x1361-6471
=856  \\$31850-9999$uhttp://www.iop.org/$xBLDSS
=856  40$uhttp://iopscience.iop.org/0305-4616
=985  \\$aISSN RECORD FOR DIGITAL REPRODUCTION.
=CAT  \\$a11316$b40$c20150109$lBLL01$h1456
=CAT  \\$a5552$b40$c20180601$lBLL01$h0844
=CAT  \\$a5552$b40$c20180601$lBLL01$h1354
=CAT  \\$aIPL-CLA$c20180630$lBLL01$h1942
=CAT  \\$aBLDSS-3PM$b00$c20180723$lBLL01$h1541
=CAT  \\$aBATCH-UPD$b00$c20180723$lBLL01$h1549
=CFI  0\$aCurrent Copyright Fee: GBP30.00$c77\0$e01-jul-2018$fGBP30.00$g0$hP$5Uk
=FFP  \\$aY$bBLDSS-3PM
=FIN  \\$aY$d20150109
=UNO  \\$aY
=LAS  \\$aBATCH-UPD$b00$c20180723$lBLL01$h1549

