=LDR  02196 as a22005417i 4500
=001  017005442
=003  Uk
=005  20180601134032.0
=006  m\\\\\\\\d\|\\\\\\
=007  cr||||||||||||
=008  150109d19591966enkbx\p\o\\\\\0\\\a0eng\\
=FMT  \\$a  SE
=022  0\$a2057-7648$202
=040  \\$aUk$beng$cUk$erda
=042  \\$aissnuk
=082  0\$a530.44$223
=210  0\$aJ. nucl. energy, Part C Plasma phys. accel. thermonucl. res.$b(Online)
=222  \0$aJournal of nuclear energy. Part C, Plasma physics, accelerators, thermonuclear research$b(Online)
=245  00$aJournal of nuclear energy.$nPart C,$pPlasma physics, accelerators, thermonuclear research.
=246  30$aPlasma physics, accelerators, thermonuclear research
=260  \\$aOxford :$bPergamon,$c1959-1966.
=264  31$a[Bristol] :$bIOP Publishing
=310  \\$aBimonthly,$bApr. 1962-1966
=321  \\$aQuarterly (irregular),$b1959-Jan. 1962
=336  \\$atext$2rdacontent
=337  \\$acomputer$2rdamedia
=338  \\$aonline resource$2rdacarrier
=588  \\$aDescription based on print version record.
=588  \\$aLatest issue consulted: volume 8, number 6 (1966) (IOP Science, viewed January 9, 2015).
=540  \\$aCurrent Copyright Fee: GBP30.00$c77\0$5Uk
=776  08$iAlso issued in print as:$tJournal of nuclear energy. Part C, Plasma physics, accelerators, thermonuclear research$x0368-3281
=780  01$tJournal of nuclear energy$x1878-2051
=785  00$tPlasma physics$x1879-2979
=856  \\$31850-9999$uhttp://www.iop.org/$xBLDSS
=856  40$uhttp://iopscience.iop.org/0368-3281
=985  \\$aISSN RECORD FOR DIGITAL REPRODUCTION.
=CAT  \\$a11316$b40$c20150109$lBLL01$h1535
=CAT  \\$a11316$b40$c20150109$lBLL01$h1536
=CAT  \\$a5552$b40$c20180601$lBLL01$h0816
=CAT  \\$a5552$b40$c20180601$lBLL01$h1340
=CAT  \\$aIPL-CLA$c20180630$lBLL01$h1942
=CAT  \\$aBLDSS-3PM$b00$c20180723$lBLL01$h1541
=CAT  \\$aBATCH-UPD$b00$c20180723$lBLL01$h1549
=CFI  0\$aCurrent Copyright Fee: GBP30.00$c77\0$e01-jul-2018$fGBP30.00$g0$hP$5Uk
=FFP  \\$aY$bBLDSS-3PM
=FIN  \\$aY$d20150109
=UNO  \\$aY
=LAS  \\$aBATCH-UPD$b00$c20180723$lBLL01$h1549

