=LDR  03365cas a22007937i 4500
=001  017017100
=003  Uk
=005  20221231233215.0
=006  m\\\\\\\\d\|\\\\\\
=007  cr\|||||||||||
=008  150119d19461971enkar\p\o\\\\\0\\\a0eng\\
=FMT  \\$a  SE
=022  0\$a2057-7818$202
=040  \\$aUk$beng$cUk$erda
=042  \\$aissnuk
=082  04$a588$223
=210  0\$aTrans. Br. Bryol. Soc.$b(Online)
=222  \0$aTransactions of the British Bryological Society$b(Online)
=245  00$aTransactions of the British Bryological Society.
=260  \\$aLondon ;$aNew York :$bCambridge University Press,$c-1971.
=264  31$aLeeds, UK :$bManey Publishing
=310  \\$aAnnual
=336  \\$atext$2rdacontent
=337  \\$acomputer$2rdamedia
=338  \\$aonline resource$2rdacarrier
=588  \\$aDescription based on print version record.
=588  \\$aLatest issue consulted: volume 6, issue 2 (January 1971) (Maney Online, viewed January 19, 2015).
=540  \\$aCurrent copyright fee: GBP43.00$c2\0$5Uk
=710  2\$aBritish Bryological Society.
=776  08$iAlso issued in print as:$tTransactions of the British Bryological Society$x0068-1385
=780  00$tReport - British Bryological Society
=785  00$tJournal of bryology (Online)$x1743-2820
=856  \\$31850-9999$uhttp://www.tandfonline.com/$xBLDSS
=856  40$uhttp://www.maneyonline.com/loi/jbr
=945  \\$aTransactions - British Bryological Society.
=979  \\$aBritish Library$bDSC$j8906.000000
=985  \\$aISSN RECORD FOR DIGITAL REPRODUCTION.
=985  \\$aOn Web site, issues listed under later title.
=CAT  \\$a11316$b40$c20150119$lBLL01$h1058
=CAT  \\$a11316$b40$c20150119$lBLL01$h1102
=CAT  \\$a5552$b40$c20160302$lBLL01$h1449
=CAT  \\$aIPL-CLA$c20160331$lBLL01$h1818
=CAT  \\$aBLDSS-3PM$b00$c20160404$lBLL01$h1601
=CAT  \\$aBATCH-UPD$b00$c20160413$lBLL01$h1828
=CAT  \\$aBATCH-UPD$b00$c20161122$lBLL01$h1506
=CAT  \\$aBATCH-UPD$b00$c20161122$lBLL01$h1543
=CAT  \\$aIPL-CLA$c20161231$lBLL01$h0021
=CAT  \\$a5552$b40$c20170213$lBLL01$h1140
=CAT  \\$a5410$b40$c20170224$lBLL01$h0837
=CAT  \\$aBATCH-UPD$b40$c20171121$lBLL01$h1656
=CAT  \\$aIPL-CLA$c20171231$lBLL01$h1827
=CAT  \\$aBATCH-UPD$b00$c20181217$lBLL01$h1646
=CAT  \\$aIPL-CLA$c20181231$lBLL01$h1554
=CAT  \\$aBATCH-UPD$b00$c20191122$lBLL01$h1908
=CAT  \\$aIPL-CLA$c20191231$lBLL01$h2040
=CAT  \\$aBATCH-UPD$b00$c20201118$lBLL01$h1342
=CAT  \\$aIPL-CLA$c20201231$lBLL01$h2343
=CAT  \\$aBATCH-UPD$b00$c20221121$lBLL01$h1341
=CAT  \\$aIPL-CLA$c20221231$lBLL01$h2332
=CFI  0\$aCurrent copyright fee: GBP43.00$c2\0$e01-jan-2023$fGBP43.00$g0$hP$5Uk
=CFI  2\$aPrevious copyright fee: GBP41.00$c2\0$e01-jan-2021$fGBP41.00$g0$hP$5Uk
=FFP  \\$aY$bBLDSS-3PM
=FIN  \\$aY$d20150119
=ACF  \\$aPrevious copyright fee: GBP31.00$c2\0$e01-apr-2016$fGBP31.00$g0$hP$5Uk
=ACF  \\$aPrevious copyright fee: GBP33.00$c2\0$e01-jan-2017$fGBP33.00$g0$hP$5Uk
=ACF  \\$aPrevious copyright fee: GBP35.00$c2\0$e01-jan-2018$fGBP35.00$g0$hP$5Uk
=ACF  \\$aPrevious copyright fee: GBP37.00$c2\0$e01-jan-2019$fGBP37.00$g0$hP$5Uk
=ACF  \\$aPrevious copyright fee: GBP39.00$c2\0$e01-jan-2020$fGBP39.00$g0$hP$5Uk
=LAS  \\$aIPL-CLA$b00$c20221231$lBLL01$h2332

