=LDR  04745cas a22009617i 4500
=001  017027110
=003  Uk
=005  20220930161250.0
=006  m\\\\\\\\d\|\\\\\\
=007  cr\|||||||||||
=008  150126d19481970enkar\p\o\\\\\0\\\a0eng\\
=FMT  \\$a  SE
=022  0\$a2058-119X$202
=040  \\$aUk$beng$cUk$erda
=042  \\$aissnuk
=082  04$a629.2$223
=210  0\$aProc. Autom. Dir., Inst. Mech. Eng.$b(Online)
=222  \0$aProceedings of the Automobile Division, Institution of Mechanical Engineers$b(Online)
=245  00$aProceedings of the Automobile Division, Institution of Mechanical Engineers.
=246  3\$aInstitution of Mechanical Engineers, London, Proceedings of the Automobile Division
=246  3\$aProceedings of the Institution of Mechanical Engineers, London, Automobile Division
=246  1\$iHTML banner title:$aIMECHE archive
=264  \1$a[London] :$bInstitution of Mechanical Engineers. Automobile Division,$c1948-1970.
=310  \\$aAnnual
=336  \\$atext$2rdacontent
=337  \\$acomputer$2rdamedia
=338  \\$aonline resource$2rdacarrier
=580  \\$aFrom vol.178 constitutes Part 2 of, and from vol.185 incorporated in "Institution of Mechanical Engineers. Proceedings".
=588  \\$aDescription based on print version record.
=588  \\$aLatest issue consulted: volume 184, part 2A (1969/1970) (Sage Journals, viewed January 26, 2015).
=540  \\$aCurrent copyright fee: GBP36.32$c19\0$5Uk
=710  2\$aInstitution of Mechanical Engineers (Great Britain).$bAutomobile Division.
=776  08$iAlso issued in print as:$tProceedings of the Automobile Division, Institution of Mechanical Engineers$x0367-8822
=780  00$tProceedings - Institution of Automobile Engineers, London$x2058-1181
=785  14$aInstitution of Mechanical Engineers (Great Britain)$tProceedings$x2058-1203
=856  \\$31850-9999$uhttp://www.sagepublications.com/$xBLDSS
=856  4\$uhttp://pad.sagepub.com/
=985  \\$aISSN RECORD FOR DIGITAL REPRODUCTION.
=CAT  \\$a11316$b40$c20150126$lBLL01$h1214
=CAT  \\$aBATCH-UPD$b00$c20170216$lBLL01$h1831
=CAT  \\$a5552$b40$c20170302$lBLL01$h1445
=CAT  \\$aIPL-CLA$c20170331$lBLL01$h1922
=CAT  \\$aBATCH-UPD$b00$c20170904$lBLL01$h1836
=CAT  \\$aIPL-CLA$c20170929$lBLL01$h1807
=CAT  \\$aBATCH-UPD$b00$c20180223$lBLL01$h1655
=CAT  \\$aIPL-CLA$c20180331$lBLL01$h1711
=CAT  \\$aBATCH-UPD$b00$c20180823$lBLL01$h1930
=CAT  \\$aIPL-CLA$c20180930$lBLL01$h1517
=CAT  \\$aBATCH-UPD$b00$c20190521$lBLL01$h1412
=CAT  \\$aIPL-CLA$c20190630$lBLL01$h1548
=CAT  \\$aBATCH-UPD$b00$c20190829$lBLL01$h1529
=CAT  \\$aIPL-CLA$c20190930$lBLL01$h1654
=CAT  \\$aBATCH-UPD$b00$c20200219$lBLL01$h1516
=CAT  \\$aIPL-CLA$c20200331$lBLL01$h1632
=CAT  \\$aBATCH-UPD$b00$c20200522$lBLL01$h1459
=CAT  \\$aIPL-CLA$c20200701$lBLL01$h0117
=CAT  \\$aBATCH-UPD$b00$c20210226$lBLL01$h1039
=CAT  \\$aIPL-CLA$c20210331$lBLL01$h1903
=CAT  \\$aBATCH-UPD$b00$c20210707$lBLL01$h1603
=CAT  \\$aIPL-CLA$c20210707$lBLL01$h2004
=CAT  \\$aBATCH-UPD$b00$c20220520$lBLL01$h1635
=CAT  \\$aIPL-CLA$c20220630$lBLL01$h1726
=CAT  \\$aBATCH-UPD$b00$c20220824$lBLL01$h0901
=CAT  \\$aIPL-CLA$c20220930$lBLL01$h1612
=CFI  0\$aCurrent copyright fee: GBP36.32$c19\0$e01-oct-2022$fGBP36.32$g0$hP$5Uk
=CFI  2\$aPrevious copyright fee: GBP34.86$c19\0$e01-jul-2022$fGBP34.86$g0$hP$5Uk
=FFP  \\$aY$bBLDSS-3PM
=FIN  \\$aY$d20150126
=UNO  \\$aY
=ACF  \\$aPrevious copyright fee: GBP23.23$c19\0$e02-feb-2016$fGBP23.23$g0$hP$5Uk
=ACF  \\$aPrevious copyright fee: GBP27.59$c19\0$e01-apr-2016$fGBP27.59$g0$hP$5Uk
=ACF  \\$aPrevious copyright fee: GBP29.63$c19\0$e01-oct-2016$fGBP29.63$g0$hP$5Uk
=ACF  \\$aPrevious copyright fee: GBP32.00$c19\0$e01-apr-2017$fGBP32.00$g0$hP$5Uk
=ACF  \\$aPrevious copyright fee: GBP30.77$c19\0$e01-oct-2017$fGBP30.77$g0$hP$5Uk
=ACF  \\$aPrevious copyright fee: GBP28.57$c19\0$e01-apr-2018$fGBP28.57$g0$hP$5Uk
=ACF  \\$aPrevious copyright fee: GBP30.77$c19\0$e01-oct-2018$fGBP30.77$g0$hP$5Uk
=ACF  \\$aPrevious copyright fee: GBP32.31$c19\0$e01-jul-2019$fGBP32.31$g0$hP$5Uk
=ACF  \\$aPrevious copyright fee: GBP33.60$c19\0$e01-oct-2019$fGBP33.60$g0$hP$5Uk
=ACF  \\$aPrevious copyright fee: GBP33.52$c19\0$e01-apr-2020$fGBP33.52$g0$hP$5Uk
=ACF  \\$aPrevious copyright fee: GBP34.86$c19\0$e01-jul-2020$fGBP34.86$g0$hP$5Uk
=ACF  \\$aPrevious copyright fee: GBP32.28$c19\0$e01-apr-2021$fGBP32.28$g0$hP$5Uk
=ACF  \\$aPrevious copyright fee: GBP31.13$c19\0$e07-jul-2021$fGBP31.13$g0$hP$5Uk
=LAS  \\$aIPL-CLA$b00$c20220930$lBLL01$h1612

