=LDR  02596cas a2200649 i 4500
=001  017111008
=003  Uk
=005  20230511163109.0
=006  m\\\\\|\\d\|\\\\\\
=007  c|\|||||||||||
=008  150316d20142015pau\x\poo\\\\\0\\\a0eng\\
=FMT  \\$a  SE
=015  \\$aGBB605157$2bnb
=022  \\$a2331-7000
=040  \\$aUk$beng$cUk$erda
=042  \\$aukblsr
=082  04$a333.79$223
=222  \0$aEnergy technology and policy
=245  00$aEnergy technology and policy :$ban open access journal.
=264  \1$a[Philadelphia, PA] :$bPublished with license by Taylor & Francis Group, LLC,$c2014-2015.
=310  \\$aIrregular
=336  \\$atext$2rdacontent
=337  \\$acomputer$2rdamedia
=338  \\$aonline resource$2rdacarrier
=362  0\$aVolume 1, issue 1 (2014)-volume 2, issue 1 (2015).
=500  \\$aTitle from table of contents page (Taylor & Francis Online, viewed January 8, 2016).
=515  \\$aArticles are added as received to annual volume in progress.
=515  \\$aNumbering from content page.
=540  \\$aCurrent copyright fee: zero$c2\0$5Uk
=650  \0$aPower resources$vPeriodicals.
=650  \0$aPower resources$xTechnological innovations$vPeriodicals.
=650  \0$aEnergy industries$vPeriodicals.
=650  \0$aEnergy industries$xTechnological innovations$vPeriodicals.
=650  \0$aEnergy policy$vPeriodicals.
=785  00$tEnergy and policy research$x2381-5639
=856  \\$31850-9999$uhttp://www.tandfonline.com/$xBLDSS
=856  40$uhttp://www.tandfonline.com/toc/uetp21/current
=945  \\$aEnergy technology and policy.
=979  \\$aBritish Library$bDSC$j3747.815650N
=985  \\$a3rd party access title for Remote supply please retain as base record when merging/deleting
=CAT  \\$a5552$b40$c20150316$lBLL01$h1227
=CAT  \\$aBLDSS-3PM$b00$c20150513$lBLL01$h0807
=CAT  \\$aBATCH-UPD$b00$c20151119$lBLL01$h1536
=CAT  \\$aIPL-CLA$c20151231$lBLL01$h1936
=CAT  \\$a11205$b40$c20160108$lBLL01$h1410
=CAT  \\$a5552$b40$c20160304$lBLL01$h0925
=CAT  \\$aBATCH-UPD$b40$c20160413$lBLL01$h1828
=CAT  \\$a5552$b40$c20170523$lBLL01$h1521
=CAT  \\$aBATCH-FIX$c20230511$lBLL01$h1631
=CFI  0\$aCurrent copyright fee: zero$c2\0$e04-mar-2016$fGBP0.00$g0$hP$5Uk
=CFI  2\$aPrevious copyright fee: GBP34.00$c2\0$e01-jan-2016$fGBP34.00$g0$hP$5Uk
=FFP  \\$aY$bBLDSS-3PM
=FIN  \\$aY$d20160108
=MNI  \\$a2331-7000
=TOC  \\$aETOC
=ACF  \\$aPrevious copyright fee: GBP30.00$c2\0$e19-mar-2015$fGBP30.00$g0$hP$5Uk
=LAS  \\$aBATCH-FIX$b00$c20230511$lBLL01$h1631

