=LDR  05362cas a2201177 a 4500
=001  017348515
=003  Uk
=005  20230724144248.0
=006  m\\\\\o\\d\\\\\\\\
=007  cr\|||||||||||
=008  090421c20079999gw\qr\p\o\\\\\0\\\a0eng\c
=FMT  \\$a  SE
=010  \\$a  2009247747
=016  7\$a2491711-4$2DE-600
=016  7\$a101303672$2DNLM
=022  \\$a1305-7464$y1305-7456
=035  \\$a(OCoLC)318864320$z(OCoLC)315069944$z(OCoLC)858834348$z(OCoLC)979369669$z(OCoLC)1029793012$z(OCoLC)1033551289$z(OCoLC)1038437051$z(OCoLC)1043055732$z(OCoLC)1099130521
=040  \\$aHNK$beng$cHNK$dBUF$dAU@$dOCLCQ$dHEBIS$dOCLCQ$dOCLCF$dOCLCO$dVT2$dOCLCO$dEUW$dOCLCQ$dOCLCO$dOCLCQ$dMOW$dOCLCO$dWYU$dNLM$dOCLCQ$dOCLCO$dOCLCQ$dIOY$dUk
=042  \\$aukblsr
=050  \4$aRK1$b.E96
=060  \4$aW1$bEU72DCK
=082  04$a617.6005$223
=210  10$aEur. j. dent.$b(Online)
=222  \4$aThe european journal of dentistry$b(Online)
=245  00$aEuropean journal of dentistry.
=246  13$aEJD
=260  \\$a[Ankara, Turkey] :$bDental Investigations Society
=260  2\$3<2013-2018> :$aMumbai :$bWolters Kluwer Health-Medknow
=264  31$3[2019]- :$a[Stuttgart] :$bThieme
=310  \\$aQuarterly
=336  \\$atext$2rdacontent
=337  \\$acomputer$2rdamedia
=338  \\$aonline resource$2rdacarrier
=362  1\$aBegan with vol. 1, no. 1 (Jan. 2007).
=540  \\$aCurrent copyright fee: zero$c49\0$5Uk
=588  0\$aVol. 1, no. 1 (Jan. 2007); title from journal homepage (publisher's Web site, viewed June 18, 2009).
=588  \\$aLatest issue consulted: volume 17, issue 2 (May 2023) (www.thieme-connect.com, viewed July 24, 2023).
=650  \0$aDentistry$vPeriodicals.
=650  12$aDentistry
=650  \7$aDentistry.$2fast$0(OCoLC)fst00890633
=655  \0$aElectronic journals.
=655  \2$aPeriodical
=655  \7$aPeriodicals.$2fast$0(OCoLC)fst01411641
=655  \7$aPeriodicals.$2lcgft
=710  2\$aDental Investigations Society.
=776  08$iPrint version:$tEuropean journal of dentistry$x1305-7456
=856  \\$31850-9999$uhttp://www.medknow.com/$xBLDSS
=856  40$uhttp://eurjdent.com/
=856  40$uhttp://www.pubmedcentral.nih.gov/tocrender.fcgi?journal=801&action=archive
=856  40$uhttps://web.thieme.com/books-main/dentistry/product/5202-european-journal-of-dentistry
=945  \\$aEuropean journal of dentistry.
=979  \\$aBritish Library$bDSC$j3829.728260N
=985  \\$a3rd party access title for Remote supply please retain as base record when merging/deleting
=CAT  \\$a5552$b40$c20150511$lBLL01$h1337
=CAT  \\$aBATCH-UPD$b00$c20160824$lBLL01$h1707
=CAT  \\$aBATCH-UPD$b00$c20160824$lBLL01$h1722
=CAT  \\$aIPL-CLA$c20160930$lBLL01$h1643
=CAT  \\$a5552$b40$c20170202$lBLL01$h1138
=CAT  \\$aBATCH-UPD$b40$c20170216$lBLL01$h1750
=CAT  \\$aIPL-CLA$c20170331$lBLL01$h1923
=CAT  \\$a5552$b40$c20170523$lBLL01$h0919
=CAT  \\$aBATCH-UPD$b40$c20170904$lBLL01$h1749
=CAT  \\$aIPL-CLA$c20170929$lBLL01$h1808
=CAT  \\$aBATCH-UPD$b00$c20180223$lBLL01$h1557
=CAT  \\$aIPL-CLA$c20180331$lBLL01$h1712
=CAT  \\$aBATCH-UPD$b00$c20180823$lBLL01$h1911
=CAT  \\$aIPL-CLA$c20180930$lBLL01$h1517
=CAT  \\$a5410$b40$c20190820$lBLL01$h0848
=CAT  \\$aBATCH-UPD$b40$c20190829$lBLL01$h1450
=CAT  \\$aIPL-CLA$c20190930$lBLL01$h1654
=CAT  \\$aBATCH-UPD$b00$c20200219$lBLL01$h1438
=CAT  \\$aIPL-CLA$c20200331$lBLL01$h1632
=CAT  \\$aBATCH-UPD$b00$c20200522$lBLL01$h1428
=CAT  \\$aIPL-CLA$c20200701$lBLL01$h0118
=CAT  \\$aBATCH-UPD$b00$c20210226$lBLL01$h1011
=CAT  \\$aIPL-CLA$c20210331$lBLL01$h1703
=CAT  \\$a12654$b40$c20210409$lBLL01$h0918
=CAT  \\$a12654$b40$c20211021$lBLL01$h0742
=CAT  \\$aBATCH-FIX$c20230511$lBLL01$h1631
=CAT  \\$a10806$b40$c20230724$lBLL01$h1442
=CFI  0\$aCurrent copyright fee: zero$c49\0$e08-apr-2021$fGBP0.00$g0$hP$5Uk
=CFI  2\$aPrevious copyright fee: GBP14.81$c111\0$e01-apr-2021$fGBP14.81$g0$hP$5Uk
=FFP  \\$aY$bBLDSS-3PM
=FIN  \\$aY$d20230724
=SID  \\$aZ39$bOCLC
=TOC  \\$aETOC
=UNO  \\$aY
=ACF  \\$aPrevious copyright fee: GBP16.00$c111\0$e01-jul-2020$fGBP16.00$g0$hP$5Uk
=ACF  \\$aPrevious copyright fee: GBP7.74$c111\0$e08-may-2015$fGBP7.74$g0$hP$5Uk
=ACF  \\$aPrevious copyright fee: GBP8.00$c111\0$e01-jul-2015$fGBP8.00$g0$hP$5Uk
=ACF  \\$aPrevious copyright fee: GBP7.74$c111\0$e01-oct-2015$fGBP7.74$g0$hP$5Uk
=ACF  \\$aPrevious copyright fee: GBP8.89$c111\0$e01-oct-2016$fGBP8.89$g0$hP$5Uk
=ACF  \\$aPrevious copyright fee: GBP8.28$c111\0$e01-apr-2016$fGBP8.28$g0$hP$5Uk
=ACF  \\$aPrevious copyright fee: GBP14.81$c111\0$e02-feb-2017$fGBP14.81$g0$hP$5Uk
=ACF  \\$aPrevious copyright fee: GBP16.00$c111\0$e01-apr-2017$fGBP16.00$g0$hP$5Uk
=ACF  \\$aPrevious copyright fee: GBP15.38$c111\0$e01-oct-2017$fGBP15.38$g0$hP$5Uk
=ACF  \\$aPrevious copyright fee: GBP14.29$c111\0$e01-apr-2018$fGBP14.29$g0$hP$5Uk
=ACF  \\$aPrevious copyright fee: GBP15.38$c111\0$e01-oct-2018$fGBP15.38$g0$hP$5Uk
=ACF  \\$aPrevious copyright fee: GBP16.00$c111\0$e01-oct-2019$fGBP16.00$g0$hP$5Uk
=ACF  \\$aPrevious copyright fee: GBP15.38$c111\0$e01-apr-2020$fGBP15.38$g0$hP$5Uk
=LAS  \\$a10806$b40$c20230724$lBLL01$h1442

