=LDR  05596cas a2201177 i 4500
=001  017359236
=003  Uk
=005  20230904195542.0
=006  m\\\\\o\\d\\\\\\\\
=007  cr\|||||||||||
=008  140321c20109999ii\qr\poo\\\\\0\\\a0eng\\
=FMT  \\$a  SE
=010  \\$a  2018237016
=016  7\$a101771197$2DNLM
=022  \\$a0976-5050$l0976-5042
=035  \\$a(OCoLC)875133104$z(OCoLC)883708363$z(OCoLC)926165764$z(OCoLC)942679875$z(OCoLC)964867076$z(OCoLC)985052777$z(OCoLC)993904238$z(OCoLC)995515243$z(OCoLC)1011558570$z(OCoLC)1013904226$z(OCoLC)1058483870$z(OCoLC)1259274144
=040  \\$aCNCGM$beng$cCNCGM$dEUW$dOCLCF$dOCLCQ$dUAB$dVT2$dNZAUC$dCUI$dHUA$dWY@$dUX1$dLND$dZAC$dCUS$dOCLCO$dOCLCA$dDKU$dOCLCQ$dCRU$dINM$dOCLCO$dINM$dOCLCA$dNLM$dUk$erda$epn
=042  \\$aukblsr
=050  \4$aRC804.E6
=060  00$aW1
=082  04$a616.307545$223
=222  \0$aJournal of digestive endoscopy$b(Online)
=245  00$aJournal of digestive endoscopy.
=264  \1$aSrinagar :$bSociety of Gastrontestinal Endoscopy of India (SGEI)$c2010-
=264  21$a[Mumbai] :$bWolters kluwer/ Medknow
=264  31$32022-$aUttar Pradesh, India :$bThieme Medical and Scientific Publishers Private Limited,
=300  \\$a1 online resource
=310  \\$aQuarterly,$b2013-
=336  \\$atext$btxt$2rdacontent
=337  \\$acomputer$bc$2rdamedia
=338  \\$aonline resource$bcr$2rdacarrier
=362  1\$aBegan with Volume 1, Issue 1 (2010)
=540  \\$aCurrent copyright fee: zero$c49\0$5Uk
=530  \\$aAlso issued in print.
=550  \\$aOfficial publication of the Society of Gastrointestinal Endoscopy of India.
=588  \\$aDescription based on: Volume 2, issue 1 (January 2011); title from journal homepage (Thieme e-journals, viewed September 10, 2020).
=588  \\$aLatest issue consulted: volume 14, issue 2 (June 2023) (viewed August 30, 2023).
=650  \0$aDigestive organs$xDiseases$vPeriodicals.
=650  \0$aEndoscopy$vPeriodicals.
=650  \7$aDigestive organs$xDiseases.$2fast$0(OCoLC)fst00893593
=650  \7$aEndoscopy.$2fast$0(OCoLC)fst00909819
=650  \2$aDigestive System Diseases.
=650  12$aDigestive System Diseases$xdiagnosis.
=650  \2$aEndoscopy, Digestive System.
=655  \0$aElectronic journals.
=655  \7$aPeriodicals.$2fast$0(OCoLC)fst01411641
=655  \2$aPeriodical
=710  2\$aSociety of Gastrointestinal Endoscopy of India,$eissuing body.
=776  08$iPrint version:$tJournal of Digestive Endoscopy$x0976-5042
=856  \\$31850-9999$uhttp://www.medknow.com/$xBLDSS
=856  40$uhttps://www.thieme-connect.com/products/ejournals/journal/10.1055/s-00043283
=945  \\$aJournal of digestive endoscopy.
=979  \\$aBritish Library$cDSC$j4969.606500N
=985  \\$a3rd party access title for Remote supply please retain as base record when merging/deleting
=CAT  \\$a5552$b40$c20150513$lBLL01$h1355
=CAT  \\$aBATCH-UPD$b00$c20160413$lBLL01$h1829
=CAT  \\$aBATCH-UPD$b00$c20160824$lBLL01$h1703
=CAT  \\$aBATCH-UPD$b00$c20160824$lBLL01$h1721
=CAT  \\$aIPL-CLA$c20160930$lBLL01$h1643
=CAT  \\$aBATCH-UPD$b00$c20170216$lBLL01$h1753
=CAT  \\$aIPL-CLA$c20170331$lBLL01$h1923
=CAT  \\$a5552$b40$c20170421$lBLL01$h1119
=CAT  \\$aBATCH-UPD$b40$c20170904$lBLL01$h1753
=CAT  \\$aIPL-CLA$c20170929$lBLL01$h1808
=CAT  \\$aBATCH-UPD$b00$c20180223$lBLL01$h1559
=CAT  \\$aIPL-CLA$c20180331$lBLL01$h1712
=CAT  \\$aBATCH-UPD$b00$c20180823$lBLL01$h1912
=CAT  \\$aIPL-CLA$c20180930$lBLL01$h1518
=CAT  \\$a5410$b40$c20190828$lBLL01$h0928
=CAT  \\$aBATCH-UPD$b40$c20190829$lBLL01$h1452
=CAT  \\$aIPL-CLA$c20190930$lBLL01$h1654
=CAT  \\$aBATCH-UPD$b00$c20200219$lBLL01$h1440
=CAT  \\$aIPL-CLA$c20200331$lBLL01$h1632
=CAT  \\$aBATCH-UPD$b00$c20200522$lBLL01$h1429
=CAT  \\$aIPL-CLA$c20200701$lBLL01$h0118
=CAT  \\$aBATCH-UPD$b00$c20210226$lBLL01$h1010
=CAT  \\$aIPL-CLA$c20210331$lBLL01$h1703
=CAT  \\$a5552$b40$c20210513$lBLL01$h1222
=CAT  \\$aBATCH-FIX$c20230511$lBLL01$h1631
=CAT  \\$a8124$b40$c20230830$lBLL01$h1450
=CAT  \\$a8124$b40$c20230904$lBLL01$h1955
=CFI  0\$aCurrent copyright fee: zero$c49\0$e13-may-2021$fGBP0.00$g0$hP$5Uk
=CFI  2\$aPrevious copyright fee: GBP11.11$c111\0$e01-apr-2021$fGBP11.11$g0$hP$5Uk
=FFP  \\$aY$bBLDSS-3PM
=FIN  \\$aY$d20230830
=SID  \\$aZ39$bOCLC
=TOC  \\$aETOC
=UNO  \\$aY
=ACF  \\$aPrevious copyright fee: GBP12.00$c111\0$e01-jul-2020$fGBP12.00$g0$hP$5Uk
=ACF  \\$aPrevious copyright fee: GBP9.68$c111\0$e08-may-2015$fGBP9.68$g0$hP$5Uk
=ACF  \\$aPrevious copyright fee: GBP10.00$c111\0$e01-jul-2015$fGBP10.00$g0$hP$5Uk
=ACF  \\$aPrevious copyright fee: GBP9.68$c111\0$e01-oct-2015$fGBP9.68$g0$hP$5Uk
=ACF  \\$aPrevious copyright fee: GBP10.34$c111\0$e01-apr-2016$fGBP10.34$g0$hP$5Uk
=ACF  \\$aPrevious copyright fee: GBP11.11$c111\0$e01-oct-2016$fGBP11.11$g0$hP$5Uk
=ACF  \\$aPrevious copyright fee: GBP12.00$c111\0$e01-apr-2017$fGBP12.00$g0$hP$5Uk
=ACF  \\$aPrevious copyright fee: GBP11.54$c111\0$e01-oct-2017$fGBP11.54$g0$hP$5Uk
=ACF  \\$aPrevious copyright fee: GBP10.71$c111\0$e01-apr-2018$fGBP10.71$g0$hP$5Uk
=ACF  \\$aPrevious copyright fee: GBP11.54$c111\0$e01-oct-2018$fGBP11.54$g0$hP$5Uk
=ACF  \\$aPrevious copyright fee: GBP12.00$c111\0$e01-oct-2019$fGBP12.00$g0$hP$5Uk
=ACF  \\$aPrevious copyright fee: GBP11.54$c111\0$e01-apr-2020$fGBP11.54$g0$hP$5Uk
=LAS  \\$a8124$b40$c20230904$lBLL01$h1955

