=LDR  02494 as a2200673 a 4500
=001  013637508
=003  Uk
=005  20200331161722.0
=006  m\\\\\\\\d\|\\\\\\
=007  cr||||||||||||
=008  070108d20082011enk\x\\\s\\\\\0\\\a0eng\\
=022  0\$a1753-5174$202
=040  \\$aUk$beng$cUk
=042  \\$aissnuk
=210  0\$aArch. drug inf.
=222  \0$aArchives of drug information
=245  00$aArchives of drug information$h[electronic resource].
=246  3\$aADI
=260  \\$a[Oxford] :$bBlackwell.
=336  \\$atext$2rdacontent
=337  \\$acomputer$2rdamedia
=338  \\$aonline resource$2rdacarrier
=362  1\$aBegan with v. 1, issue 1 (July 2008).
=362  1\$aCeased v. 4, issue 3 (Sept. 2011).
=516  \\$aPDF format
=538  \\$aMode of access: Internet
=540  \\$aCurrent copyright fee: GBP32.00$c35\0$5Uk
=590  \\$aRoute ALL FAILED DSC requests to Records Team
=650  \0$aPharmacology$vPeriodicals.
=650  \0$aDrugs$vPeriodicals.
=856  \\$uhttp://www.blackwellpublishing.com/journal.asp?ref=1753-5174&site=1
=856  \\$31850-9999$uhttp://onlinelibrary.wiley.com/$xBLDSS
=945  \\$aArchives of drug information
=979  \\$aBritish Library$bDSC$j1634.203600N
=ACF  \\$aPrevious copyright fee: GBP22.00$c35\0$e15-apr-2011$fGBP22.00$g0$hP$5Uk
=ACF  \\$aPrevious copyright fee: GBP24.00$c35\0$e01-mar-2015$fGBP24.00$g0$hP$5Uk
=CAT  \\$a6537$b40$c20070108$lBLL01$h1137
=CAT  \\$a6537$b40$c20071210$lBLL01$h0833
=CAT  \\$a6537$b40$c20080118$lBLL01$h1401
=CAT  \\$a5763$b40$c20110415$lBLL01$h1216
=CAT  \\$a8456$b40$c20140807$lBLL01$h1419
=CAT  \\$aBLDSS-3PM$b00$c20141214$lBLL01$h1523
=CAT  \\$aBATCH-UPD$b00$c20150215$lBLL01$h1658
=CAT  \\$aIPL-CLA$c20150228$lBLL01$h2051
=CAT  \\$aBATCH-UPD$b00$c20160413$lBLL01$h1821
=CAT  \\$a5410$b40$c20161130$lBLL01$h1004
=CAT  \\$aBATCH-UPD$b40$c20180219$lBLL01$h1749
=CAT  \\$aBATCH-UPD$b40$c20181121$lBLL01$h1623
=CAT  \\$aIPL-CLA$c20181231$lBLL01$h1545
=CAT  \\$aBATCH-UPD$b00$c20200219$lBLL01$h1541
=CAT  \\$aIPL-CLA$c20200331$lBLL01$h1617
=CFI  0\$aCurrent copyright fee: GBP32.00$c35\0$e01-apr-2020$fGBP32.00$g0$hP$5Uk
=CFI  2\$aPrevious copyright fee: GBP28.00$c35\0$e01-jan-2019$fGBP28.00$g0$hP$5Uk
=FFP  \\$aY$bBLDSS-3PM
=FIN  \\$aY$d20080118
=FMT  \\$a  SE
=LAS  \\$aIPL-CLA$b00$c20200331$lBLL01$h1617
=TCO  \\$aCLA$bCLA$c008
=UNO  \\$aY

