=LDR  03242cas a22008057a 4500
=001  013676105
=003  Uk
=005  20230930080909.0
=006  m\\\\\\\\d\|\\\\\\
=007  cr||||||||||||
=008  070219c200u9999enkbr\p\s\\\\\0\\\a0eng\\
=FMT  \\$a  SE
=022  0\$a1568-5691$202
=040  \\$aUk$beng$cUk
=042  \\$aissnuk
=222  \4$aThe pain clinic$b(Online)
=245  04$aThe pain clinic$h[electronic resource].
=260  \\$aZeist :$bVSP
=260  3\$32007-$aLeeds :$bManey
=310  \\$aBi-monthly
=321  \\$aQuarterly
=336  \\$atext$2rdacontent
=337  \\$acomputer$2rdamedia
=338  \\$aonline resource$2rdacarrier
=540  \\$aCurrent copyright fee: GBP46.00$c2\0$5Uk
=776  0\$tPain clinic$x0169-1112
=856  \\$31850-9999$uhttp://maneypublishing.com/$xBLDSS
=856  40$uhttp://www.maney.co.uk/search?fwaction=show&fwid=702
=945  \\$aPAIN CLINIC -UTRECHT-.
=979  \\$aBritish Library$bDSC$j6333.798800
=985  \\$aResponsibility for ISSN taken by ISSN UK from the Netherlands ISSN Centre, 19/2/07
=CAT  \\$a11313$b40$c20070219$lBLL01$h1435
=CAT  \\$a6537$b40$c20071018$lBLL01$h1511
=CAT  \\$a5552$b40$c20100311$lBLL01$h1143
=CAT  \\$aBATCH-UPD$b40$c20100401$lBLL01$h0259
=CAT  \\$aBATCH$b00$c20100401$lBLL01$h0602
=CAT  \\$aBATCH$b00$c20100401$lBLL01$h1635
=CAT  \\$a5552$b40$c20120402$lBLL01$h1435
=CAT  \\$aIPL-CLA$c20120629$lBLL01$h1037
=CAT  \\$aBLDSS-3PM$b00$c20141208$lBLL01$h1626
=CAT  \\$aBATCH-UPD$b00$c20151119$lBLL01$h1601
=CAT  \\$aIPL-CLA$c20151231$lBLL01$h1925
=CAT  \\$aBATCH-UPD$b00$c20160413$lBLL01$h1821
=CAT  \\$aBATCH-UPD$b00$c20160924$lBLL01$h0135
=CAT  \\$aBATCH-UPD$b00$c20161122$lBLL01$h1544
=CAT  \\$aIPL-CLA$c20161230$lBLL01$h2211
=CAT  \\$a5552$b40$c20170216$lBLL01$h0928
=CAT  \\$a5552$b40$c20190115$lBLL01$h1158
=CAT  \\$aBATCH-UPD$b40$c20191122$lBLL01$h1919
=CAT  \\$aIPL-CLA$c20191231$lBLL01$h1944
=CAT  \\$aBATCH-UPD$b00$c20201118$lBLL01$h1353
=CAT  \\$aIPL-CLA$c20201231$lBLL01$h1530
=CAT  \\$aBATCH-UPD$b00$c20221121$lBLL01$h1428
=CAT  \\$aIPL-CLA$c20221231$lBLL01$h1448
=CAT  \\$aR2308-1440$c20230824$lBLL01$h0929
=CAT  \\$aIPL-CLA$c20230930$lBLL01$h0809
=CFI  0\$aCurrent copyright fee: GBP46.00$c2\0$e01-oct-2023$fGBP46.00$g0$hP$5Uk
=CFI  2\$aPrevious copyright fee: GBP46.00$c47\0$e01-jan-2023$fGBP46.00$g0$hP$5Uk
=FFP  \\$aY$bBLDSS-3PM
=FIN  \\$aY$d20070219
=TCO  \\$aCLA$bCLA$c008
=TOC  \\$aETOC
=ACF  \\$aPrevious Copyright Fee: GBP18.00$c47\0$e01-apr-2010$fGBP18.00$g0$hP$5Uk
=ACF  \\$aPrevious copyright fee: GBP30.00$c47\0$e01-jul-2012$fGBP30.00$g0$hP$5Uk
=ACF  \\$aPrevious copyright fee: GBP36.00$c47\0$e01-jan-2017$fGBP36.00$g0$hP$5Uk
=ACF  \\$aPrevious copyright fee: GBP34.00$c47\0$e01-jan-2016$fGBP34.00$g0$hP$5Uk
=ACF  \\$aPrevious copyright fee: GBP40.00$c47\0$e15-jan-2019$fGBP40.00$g0$hP$5Uk
=ACF  \\$aPrevious copyright fee: GBP42.00$c47\0$e01-jan-2020$fGBP42.00$g0$hP$5Uk
=ACF  \\$aPrevious copyright fee: GBP44.00$c47\0$e01-jan-2021$fGBP44.00$g0$hP$5Uk
=LAS  \\$aIPL-CLA$b00$c20230930$lBLL01$h0809

