=LDR  01884 as a22005297a 4500
=001  013700624
=003  Uk
=005  20211025094648.0
=006  m\\\\\\\\d\|\\\\\\
=007  cr||||||||||||
=008  070321c20079999enkbr\p\s\\\\\0\\\a0eng\\
=022  0\$a1754-1808$202
=040  \\$aUk$beng$cUk
=042  \\$aissnuk
=222  \0$aManufacturing$b(Stevenage. Online)
=245  00$aManufacturing$h[electronic resource].
=246  3\$aIET manufacturing$fJune/July 2007
=260  \\$aStevenage :$bIET
=310  \\$aBimonthly
=336  \\$atext$2rdacontent
=337  \\$acomputer$2rdamedia
=338  \\$aonline resource$2rdacarrier
=540  \\$aCurrent copyright fee: GBP0.00$c35\0$5Uk
=710  2\$aInstitution of Engineering and Technology.
=776  0\$tManufacturing (Stevenage, England)$x1754-1794
=780  00$tManufacturing engineer$c(Online)$x1741-0509
=856  \\$31850-9999$uhttp://onlinelibrary.wiley.com/$xBLDSS
=856  40$uhttp://www2.theiet.org/oncomms/sector/manufacturing/magazine.cfm
=945  \\$aIET manufacturing
=979  \\$aBritish Library$bDSC$j4363.252750
=CAT  \\$a11313$b40$c20070321$lBLL01$h1324
=CAT  \\$a8871$b40$c20071001$lBLL01$h1017
=CAT  \\$aBATCH-UPD$b40$c20200119$lBLL01$h2051
=CAT  \\$a8055$b40$c20211019$lBLL01$h1200
=CAT  \\$a8055$b40$c20211019$lBLL01$h1204
=CAT  \\$aBATCH-UNOA$c20211019$lBLL01$h2344
=CAT  \\$aBLDSS-3PM$b00$c20211025$lBLL01$h0946
=CAT  \\$aBATCH-UPD$b00$c20211025$lBLL01$h0947
=CFI  0\$aCurrent copyright fee: GBP0.00$c35\0$e19-oct-2021$fGBP0.00$g0$hP$5Uk
=FFP  \\$aY$bBLDSS-3PM
=FIN  \\$aY$d20071001
=FMT  \\$a  SE
=LAS  \\$aBATCH-UPD$b00$c20211025$lBLL01$h0947
=LKR  \\$aPAR$b012089836$lBLL01$r78000$mManufacturing (Stevenage. Online)$nManufacturing engineer (Online)
=MNI  \\$a1754-1794
=TCO  \\$aCLA$bCLA$c008
=UNO  \\$aY

