=LDR  02523 as a22006377a 4500
=001  013783054
=003  Uk
=005  20180222135002.0
=006  m\\\\\\\\d\|\\\\\\
=007  cr||||||||||||
=008  070703c20089999ne\qr\p\o\\\\\0\\\a0eng\\
=022  0\$a1755-2559
=040  \\$aUk$beng$cUk$dUk
=082  04$a636.10892
=222  \0$aComparative exercise physiology$b(Online)
=245  00$aComparative exercise physiology$h[electronic resource].
=260  \\$aCambridge :$bCambridge University Press
=260  3\$32012-$aWageningen :$bWageningen Academic Publishers
=310  \\$aQuarterly
=336  \\$atext$2rdacontent
=337  \\$acomputer$2rdamedia
=338  \\$aonline resource$2rdacarrier
=540  \\$aCurrent copyright fee: GBP28.00$c99\0$5Uk
=776  0\$tComparative exercise physiology$x1755-2540
=780  00$tEquine and comparative exercise physiology$c(Online)$x1479-070X
=856  \\$31850-9999$uhttp://www.wageningenacademic.com/$xBLDSS
=856  40$uhttp://journals.cambridge.org/action/displayJournal?jid=CEP
=856  40$uhttp://www.wageningenacademic.com/default.asp?pageid=155&alstart=0
=945  \\$aComparative exercise physiology
=979  \\$aBritish Library$bDSC$j3363.780650
=985  \\$aISSN responsibility transferred from ISSN UK to Netherlands ISSN Centre, 26/06/12 (Wageningen Academic Publishers from 2012)
=ACF  \\$aPrevious copyright fee: GBP30.00$c43\0$e01-jul-2009$fGBP30.00$g0$hP$5Uk
=CAT  \\$a6537$b40$c20070703$lBLL01$h1126
=CAT  \\$a5997$b40$c20080428$lBLL01$h1035
=CAT  \\$a5552$b40$c20090501$lBLL01$h1548
=CAT  \\$aBATCH-UPD$b40$c20090701$lBLL01$h2042
=CAT  \\$aBATCH$b00$c20090701$lBLL01$h2103
=CAT  \\$a10806$b40$c20120626$lBLL01$h1603
=CAT  \\$aBATCH-UPD$b40$c20121105$lBLL01$h1136
=CAT  \\$a5552$b40$c20131206$lBLL01$h1222
=CAT  \\$aBLDSS-3PM$b00$c20150131$lBLL01$h2313
=CAT  \\$aBATCH-UPD$b00$c20160413$lBLL01$h1821
=CAT  \\$a5552$b40$c20161223$lBLL01$h1131
=CAT  \\$a5410$b40$c20170106$lBLL01$h1134
=CAT  \\$a5552$b40$c20180222$lBLL01$h1350
=CAT  \\$aIPL-CLA$c20180331$lBLL01$h1629
=CFI  0\$aCurrent copyright fee: GBP28.00$c99\0$e01-apr-2018$fGBP28.00$g0$hP$5Uk
=CFI  2\$aPrevious copyright fee: GBP25.00$c99\0$e06-dec-2013$fGBP25.00$g0$hP$5Uk
=FFP  \\$aY$bBLDSS-3PM
=FIN  \\$aY$d20080428
=FMT  \\$a  SE
=LAS  \\$aIPL-CLA$b00$c20180331$lBLL01$h1629
=MNI  \\$a1755-2540
=TCO  \\$aCLA$bCLA$c008
=TOC  \\$aETOC
=UNO  \\$aY

