=LDR  01955 as a22005417a 4500
=001  013788688
=003  Uk
=005  20161206120731.0
=006  m\\\\\\\\d\|\\\\\\
=007  cr||||||||||||
=008  070710c20079999enk\x\p\s\\\\\0\\\a0eng\\
=022  0\$a1755-2958$202
=040  \\$aUk$beng$cUk
=042  \\$aissnuk
=210  0\$aJ. maps$b(Stud. ed.)
=222  \0$aJournal of maps$b(Student ed.)
=245  00$aJournal of maps$h[electronic resource].
=246  3\$aJournal of maps student edition
=260  \\$aKingston-upon-Thames :$bJournal of Maps
=336  \\$atext$2rdacontent
=337  \\$acomputer$2rdamedia
=338  \\$aonline resource$2rdacarrier
=540  \\$aCurrent copyright fee: zero$c2\0$5Uk
=775  0\$tJournal of maps$x1744-5647
=856  \\$31850-9999$uhttp://www.tandfonline.com/$xBLDSS
=856  40$uhttp://www.journalofmaps.com/about.php?helpfile=smartyStudentEdition.html
=945  \\$aJournal of maps student edition
=979  \\$aBritish Library$bDSC$j5011.715400N
=ACF  \\$aBritish Library not licensed to copy$c0$e26-nov-2012$hBL$iBLSX$5Uk
=CAT  \\$a6537$b40$c20070710$lBLL01$h1353
=CAT  \\$a8128$b40$c20070814$lBLL01$h1705
=CAT  \\$a7152$b40$c20080116$lBLL01$h1235
=CAT  \\$a5552$b40$c20121126$lBLL01$h1327
=CAT  \\$a5552$b40$c20130530$lBLL01$h1358
=CAT  \\$a5552$b40$c20141029$lBLL01$h0936
=CAT  \\$a5552$b40$c20141104$lBLL01$h1127
=CAT  \\$aBLDSS-3PM$b00$c20141130$lBLL01$h1249
=CAT  \\$aIPL-CLA$c20141231$lBLL01$h1656
=CAT  \\$aBATCH-UPD$b00$c20160413$lBLL01$h1821
=CAT  \\$a5552$b40$c20161206$lBLL01$h1207
=CFI  0\$aCurrent copyright fee: zero$c2\0$e01-jan-2015$fGBP0.00$g0$hP$5Uk
=CFI  2\$aBritish Library not licensed to copy$c0$e30-may-2013$hC$iCFP Excluded$5Uk
=FFP  \\$aY$bBLDSS-3PM
=FIN  \\$aY$d20080116
=FMT  \\$a  SE
=LAS  \\$a5552$b40$c20161206$lBLL01$h1207
=TCO  \\$aCLA$bCLA$c008
=TOC  \\$aETOC

