=LDR  02752cas a22006977a 4500
=001  013797035
=003  Uk
=005  20230811163347.0
=006  m\\\\\\\\d\|\\\\\\
=007  cr||||||||||||
=008  070719c20089999enkbx\p\s\\\\\0\\\a0eng\\
=FMT  \\$a  SE
=022  0\$a1755-3784$202
=040  \\$aUk$beng$cUk
=042  \\$aissnuk
=222  \0$aActa ophthalmologica. Supplement$b(Online)
=245  00$aActa ophthalmologica.$pSupplement (Online)$h[electronic resource].
=246  30$aSupplement
=260  \\$aOxford :$bBlackwell Publishing
=310  \\$aEight issues yearly
=336  \\$atext$2rdacontent
=337  \\$acomputer$2rdamedia
=338  \\$aonline resource$2rdacarrier
=540  \\$aCurrent Copyright Fee: GBP32.00$c35\0$5Uk
=776  0\$tActa ophthalmologica. Supplement$c(Print)$x1755-3776
=780  00$tActa ophthalmologica Scandinavica. Supplement$c(Online)$x1600-5465
=772  0\$tActa ophthalmologica (2008. Online)$x1755-3768
=856  \\$31850-9999$uhttp://onlinelibrary.wiley.com/$xBLDSS
=856  4\$uhttp://onlinelibrary.wiley.com/journal/10.1111/(ISSN)1755-3768
=945  \\$aACTA OPHTHALMOLOGICA SCANDINAVICA -SUPPLEMENT-.
=979  \\$aBritish Library$bDSC$j0641.754000
=985  \\$aISSN description based on journal homepage, viewed 18/10/11.
=CAT  \\$a11313$b40$c20070719$lBLL01$h1101
=CAT  \\$a11315$b40$c20111018$lBLL01$h0912
=CAT  \\$a11315$b40$c20111018$lBLL01$h0954
=CAT  \\$a8874$b40$c20130528$lBLL01$h1339
=CAT  \\$a5552$b40$c20150226$lBLL01$h0842
=CAT  \\$aBLDSS-3PM$b00$c20150513$lBLL01$h0807
=CAT  \\$aBATCH-UPD$b00$c20160413$lBLL01$h1821
=CAT  \\$a5552$b40$c20160923$lBLL01$h1306
=CAT  \\$aW1703-0316$c20170306$lBLL01$h1825
=CAT  \\$aW1703-0316$c20170307$lBLL01$h1649
=CAT  \\$aIPL-CLA$c20170307$lBLL01$h1824
=CAT  \\$aBATCH-UPD$b00$c20180219$lBLL01$h1750
=CAT  \\$a5552$b40$c20181206$lBLL01$h1208
=CAT  \\$aIPL-CLA$c20181231$lBLL01$h1545
=CAT  \\$a5552$b40$c20191203$lBLL01$h1355
=CAT  \\$aIPL-CLA$c20191231$lBLL01$h1946
=CAT  \\$a8055$b40$c20230811$lBLL01$h1633
=CFI  0\$aCurrent Copyright Fee: GBP32.00$c35\0$e01-jan-2020$fGBP32.00$g0$hP$5Uk
=CFI  2\$aPrevious copyright fee: GBP28.00$c35\0$e01-jan-2019$fGBP28.00$g0$hP$5Uk
=FFP  \\$aY$bBLDSS-3PM
=FIN  \\$aY$d20111018
=MNI  \\$a1755-3776
=TCO  \\$aCLA$bCLA$c008
=TOC  \\$aETOC
=UNO  \\$aY
=ACF  \\$aPrevious Copyright Fee: GBP22.00$c35\0$e07-mar-2017$fGBP22.00$g0$hP$5Uk
=ACF  \\$aPrevious Copyright Fee: GBP22.00$c10\0$e26-feb-2015$fGBP22.00$g0$hP$5Uk
=ACF  \\$aPrevious copyright fee: GBP24.00$c35\0$e06-dec-2018$fGBP24.00$g0$hP$5Uk
=LAS  \\$a8055$b40$c20230811$lBLL01$h1633

