=LDR  03177cas a22007457a 4500
=001  013798083
=003  Uk
=005  20230930111318.0
=006  m\\\\\\\\d\|\\\\\\
=007  cr||||||||||||
=008  021125c20029999enkbr\p\s\\\\\0\\\a0eng\\
=FMT  \\$a  SE
=022  0\$a1478-3428
=040  \\$aUk$cUk$dUk
=082  04$a860.5$222
=222  \0$aBulletin of Spanish studies$b(2002. Online)
=245  00$aBulletin of Spanish studies$h[electronic resource].
=260  \\$aLondon :$bCarfax Publishing Company
=260  3\$aAbingdon :$bRoutledge
=336  \\$atext$2rdacontent
=337  \\$acomputer$2rdamedia
=338  \\$aonline resource$2rdacarrier
=540  \\$aCurrent copyright fee: GBP37.00$c2\0$5Uk
=776  0\$tBulletin of Spanish studies$c(2002. Print)$x1475-3820
=780  00$tBulletin of Hispanic studies$c(Abingdon. Online)$x1469-3550
=856  \\$31850-9999$uhttp://www.tandfonline.com/$xBLDSS
=856  40$uhttp://www.tandf.co.uk/journals/titles/14753820.asp
=985  \\$aISSN Centre Record. PLEASE DO NOT MERGE OR ADD ITEMS.
=985  \\$aISSN responsibility transferred from ISSN UK Centre to U.S. ISSN Center Taylor & Francis, Multinational Publisher List, Summer 2016
=CAT  \\$a11316$b40$c20070720$lBLL01$h1414
=CAT  \\$a11316$b40$c20070720$lBLL01$h1531
=CAT  \\$a11316$b40$c20070720$lBLL01$h1532
=CAT  \\$a5552$b40$c20160122$lBLL01$h1126
=CAT  \\$aBLDSS-3PM$b00$c20160201$lBLL01$h1812
=CAT  \\$aBATCH-UPD$b00$c20160413$lBLL01$h1821
=CAT  \\$a10806$b40$c20160824$lBLL01$h1046
=CAT  \\$aBATCH-UPD$b40$c20161122$lBLL01$h1443
=CAT  \\$a5552$b40$c20161212$lBLL01$h1404
=CAT  \\$aIPL-CLA$c20161230$lBLL01$h2219
=CAT  \\$aBATCH-UPD$b00$c20171121$lBLL01$h1623
=CAT  \\$aIPL-CLA$c20171231$lBLL01$h1708
=CAT  \\$aBATCH-UPD$b00$c20181217$lBLL01$h1629
=CAT  \\$aIPL-CLA$c20181231$lBLL01$h1545
=CAT  \\$aBATCH-UPD$b00$c20191122$lBLL01$h1842
=CAT  \\$aIPL-CLA$c20191231$lBLL01$h1946
=CAT  \\$aBATCH-UPD$b00$c20201118$lBLL01$h1324
=CAT  \\$aIPL-CLA$c20201231$lBLL01$h2222
=CAT  \\$aBATCH-UPD$b00$c20221121$lBLL01$h1319
=CAT  \\$aIPL-CLA$c20221231$lBLL01$h2139
=CAT  \\$aR2308-1440$c20230824$lBLL01$h0929
=CAT  \\$aIPL-CLA$c20230930$lBLL01$h1113
=CFI  0\$aCurrent copyright fee: GBP37.00$c2\0$e01-oct-2023$fGBP37.00$g0$hP$5Uk
=CFI  2\$aPrevious copyright fee: GBP37.00$c1\0$e01-jan-2023$fGBP37.00$g0$hP$5Uk
=FFP  \\$aY$bBLDSS-3PM
=FIN  \\$aY
=LEO  \\$aMP22.0000069711
=SRC  \\$aISN01$bbibmp22.200404.2.aa
=TCO  \\$aCLA$bCLA$c008
=ACF  \\$aPrevious copyright fee: GBP26.00$c1\0$e22-jan-2016$fGBP26.00$g0$hP$5Uk
=ACF  \\$aPrevious copyright fee: GBP28.00$c1\0$e01-jan-2017$fGBP28.00$g0$hP$5Uk
=ACF  \\$aPrevious copyright fee: GBP30.00$c1\0$e01-jan-2018$fGBP30.00$g0$hP$5Uk
=ACF  \\$aPrevious copyright fee: GBP32.00$c1\0$e01-jan-2019$fGBP32.00$g0$hP$5Uk
=ACF  \\$aPrevious copyright fee: GBP34.00$c1\0$e01-jan-2020$fGBP34.00$g0$hP$5Uk
=ACF  \\$aPrevious copyright fee: GBP35.00$c1\0$e01-jan-2021$fGBP35.00$g0$hP$5Uk
=LAS  \\$aIPL-CLA$b00$c20230930$lBLL01$h1113

