=LDR  02173cas a22005657a 4500
=001  013798757
=003  Uk
=005  20230930111319.0
=006  m\\\\\\\\d\|\\\\\\
=007  cr||||||||||||
=008  070723c19989999enk\x\p\s\\\\\0\\\a0eng\\
=FMT  \\$a  SE
=022  0\$a1651-2480$202
=040  \\$aUk$beng$cUk
=042  \\$aissnuk
=210  0\$aBlood press., Suppl.$b(Online)
=222  \0$aBlood pressure. Supplement$b(Online)
=245  10$aBlood pressure.$pSupplement$h[electronic resource].
=260  \\$a[Oslo, Norway] :$bScandinavian University Press
=260  3\$a[London] :$bInforma Healthcare
=310  \\$aIrregular
=336  \\$atext$2rdacontent
=337  \\$acomputer$2rdamedia
=338  \\$aonline resource$2rdacarrier
=540  \\$aCurrent copyright fee: GBP37.00$c2\0$5Uk
=772  0\$tBlood pressure$c(Online)$x1651-1999
=776  1\$tBlood pressure. Supplement$x0803-8023
=856  \\$31850-9999$uhttp://www.tandfonline.com/$xBLDSS
=856  40$uhttp://www.tandf.co.uk/journals/titles/08037051.asp
=979  \\$aBritish Library$bDSC$j2113.034100
=985  \\$aISSN responsibility transferred from ISSN Sweden 23/7/07.
=CAT  \\$a11316$b40$c20070723$lBLL01$h1419
=CAT  \\$a11316$b40$c20070723$lBLL01$h1428
=CAT  \\$a12654$b40$c20201215$lBLL01$h0728
=CAT  \\$a12654$b40$c20201215$lBLL01$h0732
=CAT  \\$aBLDSS-3PM$b00$c20201230$lBLL01$h1355
=CAT  \\$aBATCH-UPD$b00$c20201230$lBLL01$h1429
=CAT  \\$aIPL-CLA$c20201231$lBLL01$h2222
=CAT  \\$aBATCH-UPD$b00$c20221121$lBLL01$h1328
=CAT  \\$aIPL-CLA$c20221231$lBLL01$h2139
=CAT  \\$aR2308-1440$c20230824$lBLL01$h0929
=CAT  \\$aIPL-CLA$c20230930$lBLL01$h1113
=CFI  0\$aCurrent copyright fee: GBP37.00$c2\0$e01-oct-2023$fGBP37.00$g0$hP$5Uk
=CFI  2\$aPrevious copyright fee: GBP37.00$c15\0$e01-jan-2023$fGBP37.00$g0$hP$5Uk
=FFP  \\$aY$bBLDSS-3PM
=FIN  \\$aY$d20070723
=TCO  \\$aCLA$bCLA$c008
=ACF  \\$aPrevious copyright fee: GBP34.00$c15\0$e15-dec-2020$fGBP34.00$g0$hP$5Uk
=ACF  \\$aPrevious copyright fee: GBP35.00$c15\0$e01-jan-2021$fGBP35.00$g0$hP$5Uk
=LAS  \\$aIPL-CLA$b00$c20230930$lBLL01$h1113

