=LDR  02020cas a22005177a 4500
=001  013799637
=003  Uk
=005  20230930111321.0
=006  m\\\\\\\\d\|\\\\\\
=007  cr||||||||||||
=008  070724c19989999enk\x\p\s\\\\\0\\\a0eng\\
=FMT  \\$a  SE
=022  0\$a1651-2537$202
=040  \\$aUk$beng$cUk
=042  \\$aissnuk
=082  04$a616.6$222
=222  \0$aScandinavian journal of urology and nephrology. Supplement$b(Online)
=245  10$aScandinavian journal of urology and nephrology.$pSupplement$h[electronic resource].
=260  3\$a[London] :$bInforma Healthcare
=336  \\$atext$2rdacontent
=337  \\$acomputer$2rdamedia
=338  \\$aonline resource$2rdacarrier
=595  \\$aSee 8087.560000 for Estar Supplements
=540  \\$aCurrent copyright fee: GBP46.00$c2\0$5Uk
=772  0\$tScandinavian journal of urology and nephrology (Online)$x1651-2065
=776  0\$tScandinavian journal of urology and nephrology. [Supplement]$x0300-8886
=856  \\$31850-9999$uhttp://www.tandfonline.com/$xBLDSS
=856  40$uhttp://www.tandf.co.uk/journals/titles/00365599.asp
=945  \\$aScandinavian journal of urology and nephrology supplements.
=979  \\$aBritish Library$bDSC$j8087.565000
=985  \\$aISSN responsibility transferred from ISSN Sweden 17/7/07
=CAT  \\$a11316$b40$c20070724$lBLL01$h1416
=CAT  \\$a8055$b40$c20230728$lBLL01$h1245
=CAT  \\$a8055$b40$c20230728$lBLL01$h1250
=CAT  \\$a8055$b40$c20230728$lBLL01$h1252
=CAT  \\$aBLDSS-3PM$b00$c20230731$lBLL01$h1343
=CAT  \\$aBATCH-UPD$b00$c20230731$lBLL01$h1344
=CAT  \\$aR2308-1440$c20230824$lBLL01$h0929
=CAT  \\$aIPL-CLA$c20230930$lBLL01$h1113
=CFI  0\$aCurrent copyright fee: GBP46.00$c2\0$e01-oct-2023$fGBP46.00$g0$hP$5Uk
=CFI  2\$aPrevious copyright fee: GBP46.00$c15\0$e28-jul-2023$fGBP46.00$g0$hP$5Uk
=FFP  \\$aY$bBLDSS-3PM
=FIN  \\$aY$d20070724
=MNI  \\$a0300-8886
=TCO  \\$aCLA$bCLA$c008
=LAS  \\$aIPL-CLA$b00$c20230930$lBLL01$h1113

