=LDR  02050cas a22005657a 4500
=001  015298364
=003  Uk
=005  20220728065220.0
=006  m\\\\\\\\d\|\\\\\\
=007  cr||||||||||||
=008  090624c19589999enk\x\m\s\\\\\0\\\a0eng\\
=FMT  \\$a  SE
=022  0\$a2041-4722$202
=040  \\$aUk$beng$cUk
=042  \\$aissnuk
=210  0\$aMem. Geol. Soc. Lond.$b(Online)
=222  \0$aMemoirs of the Geological Society of London$b(Online)
=245  00$aMemoirs of the Geological Society of London$h[electronic resource].
=260  \\$aBath :$bGeological Society
=310  \\$aIrregular
=336  \\$atext$2rdacontent
=337  \\$acomputer$2rdamedia
=338  \\$aonline resource$2rdacarrier
=540  \\$aCurrent copyright fee: GBP25.00$c113\0$5Uk
=710  2\$aGeological Society of London.
=776  0\$tMemoir (Geological Society of London)$c(Print)$x0435-4052
=856  \\$31850-9999$uhttps://www.geolsoc.org.uk/publications$xBLDSS
=856  40$uhttp://mem.lyellcollection.org/
=856  40$uhttps://www.lyellcollection.org/book/mem
=945  \\$aMemoirs- Geological Society of London.
=979  \\$aBritish Library$bDSC$j5606.100000
=CAT  \\$a10806$b40$c20090624$lBLL01$h1035
=CAT  \\$a10806$b40$c20090624$lBLL01$h1038
=CAT  \\$a10806$b40$c20090624$lBLL01$h1039
=CAT  \\$a10806$b40$c20090624$lBLL01$h1041
=CAT  \\$a5552$b40$c20150507$lBLL01$h1334
=CAT  \\$aBLDSS-3PM$b00$c20150522$lBLL01$h1543
=CAT  \\$aBATCH-UPD$b00$c20160413$lBLL01$h1823
=CAT  \\$a5552$b40$c20170328$lBLL01$h1226
=CAT  \\$aBATCH-UPD$b40$c20190829$lBLL01$h1457
=CAT  \\$aIPL-CLA$c20190930$lBLL01$h1646
=CAT  \\$a10973$b40$c20220728$lBLL01$h0652
=CFI  0\$aCurrent copyright fee: GBP25.00$c113\0$e01-oct-2019$fGBP25.00$g0$hP$5Uk
=CFI  2\$aPrevious Copyright Fee: GBP20.00$c113\0$e07-may-2015$fGBP20.00$g0$hP$5Uk
=FFP  \\$aY$bBLDSS-3PM
=FIN  \\$aY$d20090624
=TCO  \\$aCLA$bCLA$c008
=TOC  \\$aETOC
=UNO  \\$aY
=LAS  \\$a10973$b40$c20220728$lBLL01$h0652

