=LDR  01929cas a22005297a 4500
=001  015298393
=003  Uk
=005  20220728065327.0
=006  m\\\\\\\\d\|\\\\\\
=007  cr||||||||||||
=008  090624c19859999enk\x\m\s\\\\\0\\\a0eng\\
=FMT  \\$a  SE
=022  0\$a2041-4730$202
=040  \\$aUk$beng$cUk
=042  \\$aissnuk
=210  0\$aEng. geol. spec. publ.$b(Online)
=222  \0$aEngineering geology special publication$b(Online)
=245  00$aEngineering geology special publication$h[electronic resource].
=260  \\$aBath :$bGeological Society
=310  \\$aIrregular
=336  \\$atext$2rdacontent
=337  \\$acomputer$2rdamedia
=338  \\$aonline resource$2rdacarrier
=540  \\$aCurrent copyright fee: GBP25.00$c113\0$5Uk
=710  2\$aGeological Society of London.
=776  0\$tEngineering geology special publication$c(Print)$x0267-9914
=856  \\$31850-9999$uhttps://www.geolsoc.org.uk/publications$xBLDSS
=856  40$uhttp://egsp.lyellcollection.org/
=856  40$uhttps://www.lyellcollection.org/book/egsp
=945  \\$aEngineering geology special publication.
=979  \\$aBritish Library$bDSC$j3761.522000
=CAT  \\$a10806$b40$c20090624$lBLL01$h1059
=CAT  \\$a5552$b40$c20150507$lBLL01$h1336
=CAT  \\$aBLDSS-3PM$b00$c20150522$lBLL01$h1543
=CAT  \\$aBATCH-UPD$b00$c20160413$lBLL01$h1823
=CAT  \\$a5552$b40$c20170523$lBLL01$h1515
=CAT  \\$aBATCH-UPD$b40$c20190829$lBLL01$h1457
=CAT  \\$aIPL-CLA$c20190930$lBLL01$h1646
=CAT  \\$a5410$b40$c20200911$lBLL01$h1027
=CAT  \\$a10973$b40$c20220728$lBLL01$h0653
=CFI  0\$aCurrent copyright fee: GBP25.00$c113\0$e01-oct-2019$fGBP25.00$g0$hP$5Uk
=CFI  2\$aPrevious Copyright Fee: GBP20.00$c113\0$e07-may-2015$fGBP20.00$g0$hP$5Uk
=FFP  \\$aY$bBLDSS-3PM
=FIN  \\$aY$d20090624
=TCO  \\$aCLA$bCLA$c008
=UNO  \\$aY
=LAS  \\$a10973$b40$c20220728$lBLL01$h0653

