=LDR  02210cas a22005657a 4500
=001  015298667
=003  Uk
=005  20220728064207.0
=006  m\\\\\\\\d\|\\\\\\
=007  cr||||||||||||
=008  090624c19039999enkfr\p\s\\\\\0\\\a0eng\\
=FMT  \\$a  SE
=022  0\$a2041-4811$202
=040  \\$aUk$beng$cUk
=042  \\$aissnuk
=210  0\$aProc. Yorks. Geol. Soc.$b(Online)
=222  \0$aProceedings of the Yorkshire Geological Society$b(Online)
=245  00$aProceedings of the Yorkshire Geological Society (Online).$h[electronic resource].
=260  \\$aBath :$bGeological Society
=310  \\$aSemiannual
=336  \\$atext$2rdacontent
=337  \\$acomputer$2rdamedia
=338  \\$aonline resource$2rdacarrier
=540  \\$aCurrent copyright fee: GBP25.00$c113\0$5Uk
=710  2\$aYorkshire Geological Society.
=776  0\$tProceedings of the Yorkshire Geological Society$x0044-0604
=856  \\$31850-9999$uhttps://www.geolsoc.org.uk/publications$xBLDSS
=856  40$uhttp://pygs.lyellcollection.org/
=856  40$uhttps://www.lyellcollection.org/journal/pygs
=945  \\$aProceedings- Yorkshire Geological Society.
=979  \\$aBritish Library$bDSC$j6834.750000
=985  \\$aISSN description based on: Vol. 58, no. 1 (May 2010); title from table of contents page (Lyell Collection website, viewed Sept. 29, 2011).
=CAT  \\$a10806$b40$c20090624$lBLL01$h1438
=CAT  \\$a8483$b40$c20110929$lBLL01$h1157
=CAT  \\$a5552$b40$c20150507$lBLL01$h1231
=CAT  \\$aBLDSS-3PM$b00$c20150522$lBLL01$h1543
=CAT  \\$aBATCH-UPD$b00$c20160413$lBLL01$h1823
=CAT  \\$a5552$b40$c20170301$lBLL01$h1423
=CAT  \\$aBATCH-UPD$b40$c20190829$lBLL01$h1457
=CAT  \\$aIPL-CLA$c20190930$lBLL01$h1646
=CAT  \\$a10973$b40$c20220728$lBLL01$h0642
=CFI  0\$aCurrent copyright fee: GBP25.00$c113\0$e01-oct-2019$fGBP25.00$g0$hP$5Uk
=CFI  2\$aPrevious Copyright Fee: GBP20.00$c113\0$e07-may-2015$fGBP20.00$g0$hP$5Uk
=FFP  \\$aY$bBLDSS-3PM
=FIN  \\$aY$d20110929
=LET  \0$aProceedings of the Yorkshire Geological Society (Online)
=TCO  \\$aCLA$bCLA$c008
=TOC  \\$aETOC
=UNO  \\$aY
=LAS  \\$a10973$b40$c20220728$lBLL01$h0642

