=LDR  02213cas a22006017a 4500
=001  015300471
=003  Uk
=005  20220728065411.0
=006  m\\\\\\\\d\|\\\\\\
=007  cr||||||||||||
=008  090629c19649999enk\x\m\s\\\\\0\\\a0eng\\
=FMT  \\$a  SE
=022  0\$a2041-4927$202
=040  \\$aUk$beng$cUk
=042  \\$aissnuk
=210  0\$aGeol. Soc. Lond. spec. publ.$b(Online)
=222  \0$aGeological Society, London, special publications$b(Online)
=245  00$aGeological Society, London, special publications$h[electronic resource].
=260  \\$aBath :$bGeological Society
=310  \\$aIrregular
=336  \\$atext$2rdacontent
=337  \\$acomputer$2rdamedia
=338  \\$aonline resource$2rdacarrier
=540  \\$aCurrent copyright fee: GBP25.00$c113\0$5Uk
=776  0\$tSpecial publication - Geological Society of London$c(Print)$x0305-8719
=856  \\$31850-9999$uhttps://www.geolsoc.org.uk/publications$xBLDSS
=856  40$uhttp://sp.lyellcollection.org/
=856  40$uhttps://www.lyellcollection.org/book/sp
=945  \\$aSpecial publication- Geological Society of London.
=959  \\$fHeld but not currently received
=979  \\$aBritish Library$bDSC$j8378.660000
=CAT  \\$a10806$b40$c20090629$lBLL01$h1357
=CAT  \\$a10806$b40$c20090629$lBLL01$h1418
=CAT  \\$a10806$b40$c20090629$lBLL01$h1431
=CAT  \\$a5552$b40$c20150507$lBLL01$h1234
=CAT  \\$aBLDSS-3PM$b00$c20150522$lBLL01$h1543
=CAT  \\$aBATCH-UPD$b00$c20160413$lBLL01$h1823
=CAT  \\$a5552$b40$c20170522$lBLL01$h0857
=CAT  \\$aBATCH-UPD$b40$c20190829$lBLL01$h1457
=CAT  \\$aIPL-CLA$c20190930$lBLL01$h1646
=CAT  \\$a5410$b40$c20200220$lBLL01$h0927
=CAT  \\$a5410$b40$c20200220$lBLL01$h0929
=CAT  \\$a5410$b40$c20200220$lBLL01$h0933
=CAT  \\$a10973$b40$c20220728$lBLL01$h0654
=CFI  0\$aCurrent copyright fee: GBP25.00$c113\0$e01-oct-2019$fGBP25.00$g0$hP$5Uk
=CFI  2\$aPrevious Copyright Fee: GBP20.00$c113\0$e07-may-2015$fGBP20.00$g0$hP$5Uk
=FFP  \\$aY$bBLDSS-3PM
=FIN  \\$aY$d20090629
=MNI  \\$a0305-8719
=TCO  \\$aCLA$bCLA$c008
=TOC  \\$aETOC
=UNO  \\$aY
=LAS  \\$a10973$b40$c20220728$lBLL01$h0654

