=LDR  02339cas a22006137a 4500
=001  015301261
=003  Uk
=005  20220728064411.0
=006  m\\\\\\\\d\|\\\\\\
=007  cr||||||||||||
=008  090630c20029999enkfr\\\s\\\\\0\\\a0eng\\
=FMT  \\$a  SE
=022  0\$a2041-4951$202
=040  \\$aUk$beng$cUk$dUk
=042  \\$aissnuk
=210  0\$aScott. j. geol.$b(Online)
=222  \0$aScottish journal of geology$b(Online)
=245  00$aScottish journal of geology$h[electronic resource].
=260  \\$aBath :$bGeological Society Publishing House
=310  \\$aSemiannual
=336  \\$atext$2rdacontent
=337  \\$acomputer$2rdamedia
=338  \\$aonline resource$2rdacarrier
=540  \\$aCurrent copyright fee: GBP25.00$c113\0$5Uk
=710  2\$aEdinburgh Geological Society.
=710  2\$aGeological Society of Glasgow.
=776  0\$tScottish journal of geology$x0036-9276
=780  04$tTransactions of the Geological Society of Glasgow$x2052-9422
=780  04$tTransactions of the Edinburgh Geological Society$x2052-9414
=856  \\$31850-9999$uhttps://www.geolsoc.org.uk/publications$xBLDSS
=856  40$uhttp://www.ingentaconnect.com/content/0036-9276
=856  40$uhttps://www.lyellcollection.org/journal/sjg
=945  \\$aScottish journal of geology.
=979  \\$aBritish Library$bDSC$j8210.500000
=CAT  \\$a11316$b40$c20090630$lBLL01$h1230
=CAT  \\$a8124$b40$c20140521$lBLL01$h1028
=CAT  \\$a8124$b40$c20140521$lBLL01$h1132
=CAT  \\$a8124$b40$c20140521$lBLL01$h1149
=CAT  \\$a5552$b40$c20150507$lBLL01$h1222
=CAT  \\$aBLDSS-3PM$b00$c20150522$lBLL01$h1543
=CAT  \\$aBATCH-UPD$b00$c20160413$lBLL01$h1823
=CAT  \\$a5552$b40$c20170222$lBLL01$h1405
=CAT  \\$aBATCH-UPD$b40$c20190829$lBLL01$h1457
=CAT  \\$aIPL-CLA$c20190930$lBLL01$h1646
=CAT  \\$a10973$b40$c20220728$lBLL01$h0644
=CFI  0\$aCurrent copyright fee: GBP25.00$c113\0$e01-oct-2019$fGBP25.00$g0$hP$5Uk
=CFI  2\$aPrevious Copyright Fee: GBP20.00$c113\0$e07-may-2015$fGBP20.00$g0$hP$5Uk
=FFP  \\$aY$bBLDSS-3PM
=FIN  \\$aY$d20090630
=LKR  \\$aPAR$b008887833$lBLL01$nScottish journal of geology (Print)$mScottish journal of geology (Online)$r776
=TCO  \\$aCLA$bCLA$c008
=TOC  \\$aETOC
=UNO  \\$aY
=LAS  \\$a10973$b40$c20220728$lBLL01$h0644

