=LDR  02002 as a22005417a 4500
=001  015301361
=003  Uk
=005  20170418114419.0
=006  m\\\\\\\\d\|\\\\\\
=007  cr||||||||||||
=008  090630c20109999enkfr\p\s\\\\\0\\\a0eng\\
=022  0\$a2041-4978$202
=040  \\$aUk$beng$cUk
=042  \\$aissnuk
=210  0\$aJ. micropaleontol.$b(Online)
=222  \0$aJournal of micropalaeontology$b(Online)
=245  00$aJournal of micropalaeontology$h[electronic resource].
=260  \\$aBath :$bGeological Society Publishing House
=310  \\$aSemiannual
=336  \\$atext$2rdacontent
=337  \\$acomputer$2rdamedia
=338  \\$aonline resource$2rdacarrier
=540  \\$aCurrent copyright fee: GBP25.00$c113\0$5Uk
=710  2\$aMicropalaeontological Society.
=710  2\$aGeological Society of London.
=776  0\$tJournal of micropalaeontology$x0262-821X
=856  \\$31850-9999$uhttps://www.geolsoc.org.uk/publications$xBLDSS
=856  40$uhttp://jm.lyellcollection.org/
=945  \\$aJournal of micropalaeontology.
=979  \\$aBritish Library$bDSC$j5019.675000
=985  \\$aISSN description based on: Vol. 1, no. 1 (July 1984); title from table of contents page (Lyell Collection, viewed Sept. 8, 2011).
=CAT  \\$a11316$b40$c20090630$lBLL01$h1415
=CAT  \\$a11316$b40$c20110908$lBLL01$h1436
=CAT  \\$a5552$b40$c20150507$lBLL01$h1225
=CAT  \\$aBLDSS-3PM$b00$c20150522$lBLL01$h1543
=CAT  \\$aBATCH-UPD$b00$c20160413$lBLL01$h1823
=CAT  \\$a5552$b40$c20170418$lBLL01$h1144
=CAT  \\$aBATCH-UPD$b40$c20190829$lBLL01$h1457
=CAT  \\$aIPL-CLA$c20190930$lBLL01$h1646
=CFI  0\$aCurrent copyright fee: GBP25.00$c113\0$e01-oct-2019$fGBP25.00$g0$hP$5Uk
=CFI  2\$aPrevious Copyright Fee: GBP20.00$c113\0$e07-may-2015$fGBP20.00$g0$hP$5Uk
=FFP  \\$aY$bBLDSS-3PM
=FIN  \\$aY$d20110908
=FMT  \\$a  SE
=LAS  \\$aIPL-CLA$b00$c20190930$lBLL01$h1646
=TCO  \\$aCLA$bCLA$c008
=TOC  \\$aETOC
=UNO  \\$aY

