=LDR  04174cas a2200949 a 4500
=001  015345904
=003  Uk
=005  20230930080939.0
=006  m\\\\\\\\d\|\\\\\\
=007  cr||||||||||||
=008  090811d19582009enkfr\p\o\\\\\0\\\a0eng\\
=FMT  \\$a  SE
=022  0\$a2041-9430$202
=040  \\$aUk$beng$cUk$dUk
=042  \\$aissnuk$aukblsr
=082  04$a674$223
=130  0\$aJournal of the Institute of Wood Science (Online)
=210  0\$aJ. Inst. Wood Sci.$b(Online)
=222  \0$aJournal of the Institute of Wood Science$b(Online)
=245  10$aJournal of the Institute of Wood Science$h[electronic resource].
=260  \\$aLondon :$bManey
=310  \\$aTwo issues yearly
=336  \\$atext$2rdacontent
=337  \\$acomputer$2rdamedia
=338  \\$aonline resource$2rdacarrier
=362  1\$aCeased with Vol. 19, no. 2 (winter 2009).
=538  \\$aMode of access: World Wide Web.
=588  \\$aDescription based on: Vol. 17, no. 1 (summer 2005) (IngentaConnect, viewed Nov. 26, 2012).
=588  \\$aLatest issue consulted: Vol. 19, no. 2 (winter 2009) (viewed Nov. 26, 2012).
=540  \\$aCurrent copyright fee: GBP43.00$c2\0$5Uk
=650  \0$aWood$vPeriodicals.
=710  2\$aInstitute of Wood Science (Great Britain)
=776  0\$tJournal of the Institute of Wood Science$x0020-3203
=785  00$tInternational wood products journal (Online)$x2042-6453
=856  \\$31850-9999$uhttp://maneypublishing.com/$xBLDSS
=856  40$uhttp://www.ingentaconnect.com/content/maney/wsc
=945  \\$aJournal- Institute of Wood Science.
=979  \\$aBritish Library$bDSC$j4788.200000
=985  \\$aejournals project 2012
=CAT  \\$a11316$b40$c20090811$lBLL01$h1129
=CAT  \\$aBATCH$b00$c20100401$lBLL01$h0609
=CAT  \\$aBATCH$b00$c20100401$lBLL01$h1642
=CAT  \\$a5997$b40$c20110104$lBLL01$h1539
=CAT  \\$a5552$b40$c20120402$lBLL01$h1345
=CAT  \\$aIPL-CLA$c20120629$lBLL01$h1040
=CAT  \\$a11316$b40$c20121126$lBLL01$h0905
=CAT  \\$aBLDSS-3PM$b00$c20141208$lBLL01$h1627
=CAT  \\$aBATCH-UPD$b00$c20151119$lBLL01$h1601
=CAT  \\$aIPL-CLA$c20151231$lBLL01$h1931
=CAT  \\$a5552$b40$c20160302$lBLL01$h1424
=CAT  \\$aIPL-CLA$c20160331$lBLL01$h1755
=CAT  \\$aBATCH-UPD$b00$c20160413$lBLL01$h1824
=CAT  \\$aBATCH-UPD$b00$c20161122$lBLL01$h1546
=CAT  \\$aBATCH-UPD$b00$c20161122$lBLL01$h1824
=CAT  \\$aIPL-CLA$c20161230$lBLL01$h2334
=CAT  \\$a5552$b40$c20170404$lBLL01$h1130
=CAT  \\$a5552$b40$c20190115$lBLL01$h0909
=CAT  \\$aBATCH-UPD$b40$c20191122$lBLL01$h1917
=CAT  \\$aIPL-CLA$c20191231$lBLL01$h2019
=CAT  \\$aBATCH-UPD$b00$c20201118$lBLL01$h1351
=CAT  \\$aIPL-CLA$c20201231$lBLL01$h1531
=CAT  \\$aBATCH-UPD$b00$c20221121$lBLL01$h1426
=CAT  \\$aIPL-CLA$c20221231$lBLL01$h1450
=CAT  \\$aR2308-1440$c20230824$lBLL01$h0929
=CAT  \\$aIPL-CLA$c20230930$lBLL01$h0809
=CFI  0\$aCurrent copyright fee: GBP43.00$c2\0$e01-oct-2023$fGBP43.00$g0$hP$5Uk
=CFI  2\$aPrevious copyright fee: GBP43.00$c47\0$e01-jan-2023$fGBP43.00$g0$hP$5Uk
=FFP  \\$aY$bBLDSS-3PM
=FIN  \\$aY$d20121126
=LET  \0$aJournal of the Institute of Wood Science (Online)
=LKR  \\$aPAR$b010485613$lBLL01$r776$mJournal of the Institute of Wood Science (Online)$nJournal of the Institute of Wood Science (Print)
=TCO  \\$aCLA$bCLA$c008
=TOC  \\$aETOC
=ACF  \\$aPrevious Copyright Fee: GBP18.00$c47\0$e01-apr-2010$fGBP18.00$g0$hP$5Uk
=ACF  \\$aPrevious copyright fee: GBP30.00$c47\0$e01-jul-2012$fGBP30.00$g0$hP$5Uk
=ACF  \\$aPrevious copyright fee: GBP34.00$c47\0$e01-jan-2016$fGBP34.00$g0$hP$5Uk
=ACF  \\$aPrevious copyright fee: GBP33.00$c47\0$e01-jan-2017$fGBP33.00$g0$hP$5Uk
=ACF  \\$aPrevious copyright fee: GBP31.00$c47\0$e01-apr-2016$fGBP31.00$g0$hP$5Uk
=ACF  \\$aPrevious copyright fee: GBP37.00$c47\0$e15-jan-2019$fGBP37.00$g0$hP$5Uk
=ACF  \\$aPrevious copyright fee: GBP39.00$c47\0$e01-jan-2020$fGBP39.00$g0$hP$5Uk
=ACF  \\$aPrevious copyright fee: GBP41.00$c47\0$e01-jan-2021$fGBP41.00$g0$hP$5Uk
=LAS  \\$aIPL-CLA$b00$c20230930$lBLL01$h0809

