=LDR  02493 as a22006617a 4500
=001  015372727
=003  Uk
=005  20170407090828.0
=006  m\\\\\\\\d\|\\\\\\
=007  cr||||||||||||
=008  090916c20069999enk\x\m\s\\\\\0\\\a0eng\\
=022  0\$a1868-0402$z2041-9821
=040  \\$aUk$beng$cUk
=210  0\$aMet. ions life sci.$b(Online)
=222  \0$aMetal ions in life sciences$b(Online)
=245  00$aMetal ions in life sciences$h[electronic resource].
=260  \\$aCambridge :$bRoyal Society of Chemistry
=264  31$a[London] :$bSpringer
=336  \\$atext$2rdacontent
=337  \\$acomputer$2rdamedia
=338  \\$aonline resource$2rdacarrier
=540  \\$aCurrent copyright fee: GBP46.75$c6\1$5Uk
=710  2\$aRoyal Society of Chemistry (Great Britain)
=776  0\$tMetal ions in life sciences$x1559-0836
=856  \\$31850-9999$uhttp://www.rsc.org/$xBLDSS
=856  40$uhttp://www.rsc.org/shop/books/series.asp?seriesid=85
=945  \\$aMetal ions in life sciences.
=979  \\$aBritish Library$bDSC$j5687.225000
=ACF  \\$aPrevious copyright fee: GBP37.80$c6\1$e01-jan-2013$fGBP37.80$g0$hP$5Uk
=ACF  \\$aPrevious copyright fee: GBP35.70$c6\1$e30-may-2012$fGBP35.70$g0$hP$5Uk
=CAT  \\$aISSN$b40$c20090916$lBLL01$h1516
=CAT  \\$a5552$b40$c20120530$lBLL01$h0904
=CAT  \\$aBATCH-UPD$b40$c20121105$lBLL01$h1131
=CAT  \\$aBATCH-UPD$b40$c20121121$lBLL01$h1701
=CAT  \\$aIPL-CLA$c20121231$lBLL01$h1327
=CAT  \\$aIPL-CLA$c20130102$lBLL01$h1800
=CAT  \\$aBLDSS-3PM$b00$c20150111$lBLL01$h1524
=CAT  \\$a5552$b40$c20150702$lBLL01$h0909
=CAT  \\$aBATCH-UPD$b40$c20160413$lBLL01$h1824
=CAT  \\$aBATCH-UPD$b40$c20161122$lBLL01$h1547
=CAT  \\$aBATCH-UPD$b40$c20161122$lBLL01$h1828
=CAT  \\$aIPL-CLA$c20161230$lBLL01$h2335
=CAT  \\$a11313$b40$c20170228$lBLL01$h1128
=CAT  \\$a11313$b40$c20170302$lBLL01$h1143
=CAT  \\$a11313$b40$c20170307$lBLL01$h0839
=CAT  \\$a11313$b40$c20170307$lBLL01$h0845
=CAT  \\$a5552$b40$c20170328$lBLL01$h1201
=CAT  \\$a5410$b40$c20170407$lBLL01$h0908
=CFI  0\$aCurrent copyright fee: GBP46.75$c6\1$e01-jan-2017$fGBP46.75$g0$hP$5Uk
=CFI  2\$aPrevious copyright fee: GBP41.80$c6\1$e02-jul-2015$fGBP41.80$g0$hP$5Uk
=FFP  \\$aY$bBLDSS-3PM
=FIN  \\$aY$d20090916
=FMT  \\$a  SE
=LAS  \\$a5410$b40$c20170407$lBLL01$h0908
=MNI  \\$a1559-0836
=TCO  \\$aCLA$bCLA$c008
=TOC  \\$aETOC
=UNO  \\$aY

