=LDR  05986cas a2201237 a 4500
=001  015379078
=003  Uk
=005  20230930080943.0
=006  m\\\\\o\\d\\\\\\\\
=007  cr\bn|||||||||
=008  050225c19749999cc\qr\p\o\\\\\0\\\e0chi\d
=FMT  \\$a  SE
=022  \\$y1672-4364
=035  \\$a(OCoLC)57729324
=040  \\$aHUA$beng$cHUA$dOCLCS$dOCLCQ$dOCLCF$dUk
=042  \\$aukblsr
=050  \4$aTJ1077$b.H42
=082  04$a665.5385$223
=130  0\$6880-01$aHe cheng run hua cai liao (Online)
=245  10$6880-02$aHe cheng run hua cai liao$h[electronic resource].
=246  1\$iEnglish title:$aSynthetic lubricants
=246  3\$aHecheng runhua cailiao
=260  \\$6880-03$a[Chongqing Shi :$bHe cheng run hua cai liao bian ji bu]
=310  \\$aQuarterly
=336  \\$atext$2rdacontent
=337  \\$acomputer$2rdamedia
=338  \\$aonline resource$2rdacarrier
=362  1\$aPrint began in 1974.
=516  \\$aIn HTML and PDF format.
=530  \\$aAlso issued in print.
=538  \\$aMode of access: World Wide Web.
=550  \\$6880-04$aSponsored by: Zhongguo shi hua zong gong si run hua zhi ji he cheng you ke ji qing bao zhan, Yi ping hua gong chang.
=588  \\$aDescription based on: 1994 no. 1; title from searching screen (China Journal Net, viewed on Aug. 18, 2004).
=588  \\$aLatest issue consulted: Vol. 30, no. 3 (2003) = 2003 no. 3; (China Journal Net, viewed on Aug. 18, 2004).
=540  \\$aCurrent copyright fee: GBP24.17$c44\0$5Uk
=650  \0$aSynthetic lubricants$vPeriodicals.
=710  2\$6880-05$aZhongguo shi hua zong gong si.$bRun hua zhi ji he cheng you ke ji qing bao zhan.
=710  2\$6880-06$aYi ping hua gong chang.
=773  0\$6880-07$tZhongguo qi kan wang.
=776  1\$6880-08$tHe cheng run hua cai liao$x1672-4364
=880  0\$6130-01$a合成潤滑材料 (Online)
=880  10$6245-02$a合成潤滑材料$h[electronic resource].
=880  \\$6260-03$a[重慶市 :$b合成潤滑材料編輯部]
=880  \\$6550-04$aSponsored by: 中國石化總公司潤滑脂及合成油科技情報站, 一坪化工廠.
=880  2\$6710-05$a中國石化總公司.$b潤滑脂及合成油科技情報站.
=880  2\$6710-06$a一坪化工廠.
=880  0\$6773-07$t中國期刊網.
=880  1\$6776-08$t合成潤滑材料$x1672-4364
=856  \\$31850-9999$uhttp://www.oriprobe.com/$xBLDSS
=856  40$uhttp://www.wanfangdata.com/wf/~kjqk/hcrhcl/index.html
=945  \\$aHecheng runhua cailiao
=979  \\$aBritish Library$bDSC$j4282.768000N
=CAT  \\$a11433$b40$c20090928$lBLL01$h1552
=CAT  \\$aIPL-CLA$c20160930$lBLL01$h1626
=CAT  \\$aBATCH-UPD$b00$c20170216$lBLL01$h2003
=CAT  \\$aIPL-CLA$c20170331$lBLL01$h1904
=CAT  \\$aBATCH-UPD$b00$c20170904$lBLL01$h2034
=CAT  \\$aIPL-CLA$c20170929$lBLL01$h1750
=CAT  \\$aBATCH-UPD$b00$c20180223$lBLL01$h1933
=CAT  \\$aIPL-CLA$c20180331$lBLL01$h1645
=CAT  \\$aBATCH-UPD$b00$c20180823$lBLL01$h1958
=CAT  \\$aIPL-CLA$c20180930$lBLL01$h1511
=CAT  \\$aBATCH-UPD$b00$c20190829$lBLL01$h1559
=CAT  \\$aIPL-CLA$c20190930$lBLL01$h1647
=CAT  \\$aBATCH-UPD$b00$c20200219$lBLL01$h1547
=CAT  \\$aIPL-CLA$c20200331$lBLL01$h1624
=CAT  \\$aBATCH-UPD$b00$c20200522$lBLL01$h1523
=CAT  \\$aIPL-CLA$c20200701$lBLL01$h0107
=CAT  \\$aBATCH-UPD$b00$c20210226$lBLL01$h1106
=CAT  \\$aIPL-CLA$c20210331$lBLL01$h1701
=CAT  \\$aBATCH-UPD$b00$c20210707$lBLL01$h1629
=CAT  \\$aIPL-CLA$c20210707$lBLL01$h1844
=CAT  \\$aBATCH-UPD$b00$c20220520$lBLL01$h1710
=CAT  \\$aIPL-CLA$c20220630$lBLL01$h1538
=CAT  \\$aBATCH-UPD$b00$c20220824$lBLL01$h0932
=CAT  \\$aIPL-CLA$c20220930$lBLL01$h1428
=CAT  \\$aBATCH-UPD$b00$c20230824$lBLL01$h1116
=CAT  \\$aIPL-CLA$c20230930$lBLL01$h0809
=CFI  0\$aCurrent copyright fee: GBP24.17$c44\0$e01-oct-2023$fGBP24.17$g0$hP$5Uk
=CFI  2\$aPrevious copyright fee: GBP20.83$c44\0$e01-oct-2022$fGBP20.83$g0$hP$5Uk
=FFP  \\$aY$bBLDSS-3PM
=SID  \\$aZ39$bOCLC
=TCO  \\$aZZZ$c008
=TOC  \\$aETOC
=ACF  \\$aPrevious copyright fee: GBP6.00$c44\0$e20-may-2009$fGBP6.00$g0$hP$5Uk
=ACF  \\$aPrevious copyright fee: GBP9.00$c44\0$e01-apr-2010$fGBP9.00$g0$hP$5Uk
=ACF  \\$aPrevious copyright fee: GBP9.70$c44\0$e01-jul-2012$fGBP9.70$g0$hP$5Uk
=ACF  \\$aPrevious copyright fee: GBP10.32$c44\0$e01-jul-2013$fGBP10.32$g0$hP$5Uk
=ACF  \\$aPrevious copyright fee: GBP10.00$c44\0$e01-jan-2013$fGBP10.00$g0$hP$5Uk
=ACF  \\$aPrevious copyright fee: GBP14.55$c44\0$e14-nov-2014$fGBP14.55$g0$hP$5Uk
=ACF  \\$aPrevious copyright fee: GBP15.48$c44\0$e01-apr-2015$fGBP15.48$g0$hP$5Uk
=ACF  \\$aPrevious copyright fee: GBP16.00$c44\0$e01-jul-2015$fGBP16.00$g0$hP$5Uk
=ACF  \\$aPrevious copyright fee: GBP16.13$c44\0$e01-oct-2015$fGBP16.13$g0$hP$5Uk
=ACF  \\$aPrevious copyright fee: GBP17.24$c44\0$e01-apr-2016$fGBP17.24$g0$hP$5Uk
=ACF  \\$aPrevious copyright fee: GBP18.52$c44\0$e01-oct-2016$fGBP18.52$g0$hP$5Uk
=ACF  \\$aPrevious copyright fee: GBP20.00$c44\0$e01-apr-2017$fGBP20.00$g0$hP$5Uk
=ACF  \\$aPrevious copyright fee: GBP19.23$c44\0$e01-oct-2017$fGBP19.23$g0$hP$5Uk
=ACF  \\$aPrevious copyright fee: GBP17.86$c44\0$e01-apr-2018$fGBP17.86$g0$hP$5Uk
=ACF  \\$aPrevious copyright fee: GBP19.23$c44\0$e01-oct-2018$fGBP19.23$g0$hP$5Uk
=ACF  \\$aPrevious copyright fee: GBP20.00$c44\0$e01-oct-2019$fGBP20.00$g0$hP$5Uk
=ACF  \\$aPrevious copyright fee: GBP19.23$c44\0$e01-apr-2020$fGBP19.23$g0$hP$5Uk
=ACF  \\$aPrevious copyright fee: GBP20.00$c44\0$e01-jul-2020$fGBP20.00$g0$hP$5Uk
=ACF  \\$aPrevious copyright fee: GBP18.52$c44\0$e01-apr-2021$fGBP18.52$g0$hP$5Uk
=ACF  \\$aPrevious copyright fee: GBP17.86$c44\0$e07-jul-2021$fGBP17.86$g0$hP$5Uk
=ACF  \\$aPrevious copyright fee: GBP20.00$c44\0$e01-jul-2022$fGBP20.00$g0$hP$5Uk
=LAS  \\$aIPL-CLA$b00$c20230930$lBLL01$h0809

