=LDR  02864cas a2200793 a 4500
=001  015400110
=003  Uk
=005  20230511163004.0
=006  m\\\\\\\\d\\\\\\\\
=007  cr\|||||||||||
=008  110210d20102014enkuu\p\o\\\\\0\\\a0eng\c
=FMT  \\$a  SE
=010  \\$a2011254553
=015  \\$aGBB185286$2bnb
=016  7\$a101551529$2DNLM
=022  0\$a2042-4280$202
=035  \\$a(OCoLC)701317916
=040  \\$aCS1$cCS1$dCUV$dNLM$dUk
=042  \\$aissnuk$aukblsr
=050  14$aQR400
=060  10$aW1
=082  04$a616.9112$223
=210  0\$aHerpesviridae
=222  \0$aHerpesviridae
=245  00$aHerpesviridae$h[electronic resource].
=260  \\$aLondon :$bBioMed Central,$c2010-2014.
=336  \\$atext$2rdacontent
=337  \\$acomputer$2rdamedia
=338  \\$aonline resource$2rdacarrier
=362  1\$aBegan with 1:1 (7 December 2010).
=362  1\$aCeased with 5:1 (24 September 2014).
=515  \\$aArticles added consecutively to current annual volume.
=588  \\$aDescription based on first issue; title from journal home page (viewed Feb. 10, 2011).
=588  \\$aLatest issue consulted: 2:5 (15 March 2011) (viewed Mar. 15, 2011).
=540  \\$aCurrent Copyright Fee: zero$c22\1$5Uk
=650  \0$aHerpesviruses$vPeriodicals.
=650  \0$aHerpesvirus diseases$vPeriodicals.
=710  2\$aBioMed Central Ltd.
=856  \\$31850-9999$uhttp://link.springer.com/$xBLDSS
=856  40$uhttp://www.herpesviridae.org/
=856  40$uhttp://www.ncbi.nlm.nih.gov/pmc/journals/1469/
=945  \\$aHerpesviridae
=979  \\$aBritish Library$bDSC$j4300.273500N
=985  \\$aLegal Deposit ejournals
=CAT  \\$a11315$b40$c20091023$lBLL01$h1120
=CAT  \\$a11315$b40$c20101209$lBLL01$h0945
=CAT  \\$a3072$b40$c20110718$lBLL01$h1224
=CAT  \\$a3072$b40$c20110718$lBLL01$h1225
=CAT  \\$a3072$b40$c20110718$lBLL01$h1313
=CAT  \\$aISSN$b40$c20110824$lBLL01$h0729
=CAT  \\$aBATCH-CLA$b00$c20110831$lBLL01$h1757
=CAT  \\$aIPL-CLA$c20110930$lBLL01$h1554
=CAT  \\$aWR12_128$c20121113$lBLL01$h1830
=CAT  \\$aBATCH-CLA$b00$c20131129$lBLL01$h1650
=CAT  \\$aIPL-CLA$c20140101$lBLL01$h0123
=CAT  \\$a11313$b40$c20141023$lBLL01$h0912
=CAT  \\$a5552$b40$c20210621$lBLL01$h1202
=CAT  \\$aBLDSS-3PM$b00$c20210708$lBLL01$h0857
=CAT  \\$aBATCH-UPD$b00$c20210708$lBLL01$h0902
=CAT  \\$aBATCH-FIX$c20230511$lBLL01$h1630
=CFI  0\$aCurrent copyright fee: zero$c22\1$e21-jun-2021$fGBP0.00$g0$hP$5Uk
=CFI  2\$aPrevious Copyright Fee: GBP29.95$c0$e01-jan-2014$fGBP29.95$g0$hC$5Uk
=FFP  \\$aY$bBLDSS-3PM
=FIN  \\$aY$d20101209
=SID  \\$aZ39$bOCLC
=TCO  \\$aCLA$bCLA$c008
=UNO  \\$aY
=ACF  \\$aBritish Library not licensed to copy$c0$e01-oct-2011$hC$iCFP Excluded$5Uk
=LAS  \\$aBATCH-FIX$b00$c20230511$lBLL01$h1630

