=LDR  02981 as a22007457a 4500
=001  015403900
=003  Uk
=005  20150317132021.0
=006  m\\\\\|\\d\|\\\\\\
=007  cr\|||||||||||
=008  091028c20079999ne\tr\p\o\\\\\0\\\a0eng\\
=022  0\$a1569-7312$y1872-5163
=040  \\$aUk$beng$cUk$dUk
=082  04$a230.42$223
=222  \0$aJournal of reformed theology$b(Online)
=245  00$aJournal of reformed theology.
=246  13$aJRT
=260  \\$aLeiden :$bBrill,$c2007-
=310  \\$aThree times a year
=336  \\$atext$2rdacontent
=337  \\$aunmediated$2rdamedia
=338  \\$avolume$2rdacarrier
=362  1\$aBegan with: Vol. 1, no. 1 (2007).
=540  \\$aCurrent copyright fee: GBP22.00$c74\0$5Uk
=550  \\$aPublished in co-operation with the International Reformed Theological Institute (IRTI), Amsterdam, The Netherlands.
=590  \\$aRoute failed DSC EXTENDED searches to Records Team
=650  \0$aReformed Church$xTheology$vPeriodicals.
=650  \0$aReformed Church$xDoctrines$vPeriodicals.
=650  \0$aChristianity$vPeriodicals.
=710  2\$aInternational Reformed Theological Institute.
=776  08$iPrint version:$tJournal of reformed theology$x1872-5163
=856  \\$31850-9999$uhttp://www.brill.com/$xBLDSS
=856  40$uhttp://openurl.ingenta.com/content?genre=journal&issn=1872-5163
=945  \\$aJournal of reformed theology
=979  \\$aBritish Library$bDSC$j5048.260100N
=ACF  \\$aPrevious copyright fee: GBP10.50$c0$e01-jan-2011$fGBP10.50$g0$hA$5Uk
=ACF  \\$aPrevious copyright fee: GBP9.00$c0$e01-apr-2010$fGBP9.00$g0$hA$5Uk
=ACF  \\$aPrevious copyright fee: GBP6.00$c0$e28-oct-2009$fGBP6.00$g0$hA$5Uk
=CAT  \\$a9729$b40$c20091028$lBLL01$h1453
=CAT  \\$aBATCH-UPD$b40$c20100226$lBLL01$h0159
=CAT  \\$aBATCH-UPD$b40$c20100331$lBLL01$h2352
=CAT  \\$aBATCH-UPD$b40$c20100401$lBLL01$h0306
=CAT  \\$aBATCH$b00$c20100401$lBLL01$h0609
=CAT  \\$aBATCH$b00$c20100401$lBLL01$h1642
=CAT  \\$aBATCH-UPD$b00$c20101124$lBLL01$h1954
=CAT  \\$aBATCH-UPD$b00$c20101125$lBLL01$h1220
=CAT  \\$aIPL-CLA$c20101231$lBLL01$h1528
=CAT  \\$aWR11_203$c20111204$lBLL01$h1515
=CAT  \\$aIPL-CLA$c20111230$lBLL01$h2034
=CAT  \\$a8439$b40$c20121105$lBLL01$h0944
=CAT  \\$aBATCH-CLA$b00$c20121109$lBLL01$h1721
=CAT  \\$a8201$b40$c20140930$lBLL01$h1158
=CAT  \\$aBLDSS-3PM$b00$c20150131$lBLL01$h2314
=CAT  \\$a8874$b40$c20150317$lBLL01$h1320
=CAT  \\$aBATCH-UPD$b40$c20160413$lBLL01$h1824
=CAT  \\$aBATCH-UPD$b40$c20160524$lBLL01$h2301
=CAT  \\$aBATCH-UPD$b40$c20160525$lBLL01$h0654
=CFI  0\$aCurrent copyright fee: GBP22.00$c74\0$e05-nov-2012$fGBP22.00$g0$hP$5Uk
=CFI  2\$aPrevious copyright fee: GBP12.00$c0$e01-jan-2012$fGBP12.00$g0$hA$5Uk
=FFP  \\$aY$bBLDSS-3PM
=FMT  \\$a  SE
=LAS  \\$aBATCH-UPD$b40$c20160525$lBLL01$h0654
=TCO  \\$aZZZ$c008
=TOC  \\$aETOC
=UNO  \\$aY

