=LDR  03467 as a2200853 a 4500
=001  015404414
=003  Uk
=005  20150317132050.0
=006  m\\\\\o\\d\\\\\\\\
=007  cr\cn|||||||||
=008  090922c20099999ne\uu\p\o\\\\\0\\\a0eng\c
=010  \\$a  2009242303
=022  \\$a1875-984X$y1875-9858
=035  \\$a(OCoLC)437399927$z(OCoLC)646109807
=040  \\$aMYG$beng$cMYG$dDOS$dOCLCQ$dDOS$dUk
=042  \\$aukblsr
=050  \4$aK7$b.L48
=050  \4$aJZ6369$b.G56
=082  04$a341.584$223
=222  \0$aGlobal responsibility to protect$b(Online)
=245  00$aGlobal responsibility to protect$h[electronic resource].
=246  00$aGR2P
=246  13$aGR2P
=246  3\$aGlobal Resp. Protect
=260  \\$aLeiden :$bBrill,$c2009-
=336  \\$atext$2rdacontent
=337  \\$acomputer$2rdamedia
=338  \\$aonline resource$2rdacarrier
=362  1\$aBegan with: Vol. 1, no. 1 (2009).
=540  \\$aCurrent copyright fee: GBP22.00$c74\0$5Uk
=588  \\$aDescription based on: Vol. 1, no. 1 (Feb. 2009); title from journal home page (IngentaConnect, viewed Sept. 22, 2009).
=588  \\$aLatest issue consulted: Vol. 1, no. 3 (June 2009) (IngentaConnect, viewed Sept. 22, 2009).
=590  \\$aRoute failed DSC EXTENDED searches to Records Team
=650  \0$aHumanitarian intervention$vPeriodicals.
=650  \0$aGenocide intervention$vPeriodicals.
=650  \0$aPeace-building$xInternational cooperation$vPeriodicals.
=776  08$iPrint version:$tGlobal responsibility to protect$x1875-9858
=856  \\$31850-9999$uhttp://www.brill.com/$xBLDSS
=856  40$uhttp://heinonline.org/HOL/Index?index=journals/gloresp&collection=fijournals
=856  40$uhttp://openurl.ingenta.com/content?genre=journal&issn=1875-9858
=945  \\$aGlobal responsibility to protect
=979  \\$aBritish Library$bDSC$j4195.475257N
=ACF  \\$aPrevious copyright fee: GBP10.50$c0$e01-jan-2011$fGBP10.50$g0$hA$5Uk
=ACF  \\$aPrevious copyright fee: GBP9.00$c0$e01-apr-2010$fGBP9.00$g0$hA$5Uk
=ACF  \\$aPrevious copyright fee: GBP6.00$c0$e29-oct-2009$fGBP6.00$g0$hA$5Uk
=CAT  \\$a9729$b40$c20091029$lBLL01$h1447
=CAT  \\$aBATCH-UPD$b40$c20100226$lBLL01$h0159
=CAT  \\$aBATCH-UPD$b40$c20100331$lBLL01$h2352
=CAT  \\$aBATCH-UPD$b40$c20100401$lBLL01$h0306
=CAT  \\$aBATCH$b00$c20100401$lBLL01$h0609
=CAT  \\$aBATCH$b00$c20100401$lBLL01$h1642
=CAT  \\$aBATCH-UPD$b00$c20101124$lBLL01$h1954
=CAT  \\$aBATCH-UPD$b00$c20101125$lBLL01$h1220
=CAT  \\$aIPL-CLA$c20101231$lBLL01$h1528
=CAT  \\$aWR11_203$c20111204$lBLL01$h1515
=CAT  \\$aIPL-CLA$c20111230$lBLL01$h2034
=CAT  \\$a8439$b40$c20121101$lBLL01$h1542
=CAT  \\$aBATCH-CLA$b00$c20121109$lBLL01$h1721
=CAT  \\$a8201$b40$c20140930$lBLL01$h1212
=CAT  \\$a8201$b40$c20140930$lBLL01$h1218
=CAT  \\$aBLDSS-3PM$b00$c20150131$lBLL01$h2314
=CAT  \\$a8874$b40$c20150317$lBLL01$h1320
=CAT  \\$aBATCH-UPD$b40$c20160413$lBLL01$h1824
=CAT  \\$aBATCH-UPD$b40$c20160524$lBLL01$h2301
=CAT  \\$aBATCH-UPD$b40$c20160525$lBLL01$h0654
=CFI  0\$aCurrent copyright fee: GBP22.00$c74\0$e01-nov-2012$fGBP22.00$g0$hP$5Uk
=CFI  2\$aPrevious copyright fee: GBP12.00$c0$e01-jan-2012$fGBP12.00$g0$hA$5Uk
=FFP  \\$aY$bBLDSS-3PM
=FMT  \\$a  SE
=LAS  \\$aBATCH-UPD$b40$c20160525$lBLL01$h0654
=SID  \\$aZ39$bOCLC
=TCO  \\$aZZZ$c008
=TOC  \\$aETOC
=UNO  \\$aY

