=LDR  05212cas a2201105 a 4500
=001  015449910
=003  Uk
=005  20220930142806.0
=006  m\\\\\o\\d\\\\\\\\
=007  cr\|||||||||||
=008  121012c20089999ii\mr\p\o\\\\\0\\\a0eng\d
=FMT  \\$a  SE
=022  0\$a0974-360X$l0974-3618
=035  \\$a(OCoLC)812567301
=040  \\$aHNK$cHNK$dOCLCQ$dOCLCF$dOCLCO$dUk
=082  04$a615.1$223
=210  0\$aRes. j. pharm. technol.$b(online)
=222  \0$aResearch journal of pharmacy and technology$b(online)
=245  00$aResearch journal of pharmacy and technology$h[electronic resource].
=246  13$aPharmacy and technology
=246  13$aResearch J. Pharm. and Tech.
=246  3\$aRJPT
=260  \\$aRaipur, India :$bA&V Publications
=310  \\$aMonthly,$b2011-
=321  \\$aQuarterly,$b2008-2010
=336  \\$atext$2rdacontent
=337  \\$acomputer$2rdamedia
=338  \\$aonline resource$2rdacarrier
=362  1\$aBegan with v. 1, no. 1 (Jan./Mar. 2008).
=590  \\$aRoute failed DSC EXTENDED searches to Records Team
=588  \\$aDescription based on: Vol. 5, no. 1 (Jan. 2012); title from title information screen (ProQuest, viewed Oct. 12, 2012).
=540  \\$aCurrent copyright fee: GBP23.75$c90\0$5Uk
=650  \0$aPharmacy$vPeriodicals.
=776  08$iPrint version:$tResearch journal of pharmacy and technology$x0974-3618
=856  \\$31850-9999$uhttp://www.indianjournals.com/ijor.aspx$xBLDSS
=856  40$uhttp://search.proquest.com/publication/1096441
=856  40$uhttp://www.rjptonline.org/
=945  \\$aResearch journal of pharmacy and technology
=979  \\$aBritish Library$bDSC$j7741.644000N
=CAT  \\$a9729$b40$c20091216$lBLL01$h1456
=CAT  \\$aBATCH-UPD$b00$c20160824$lBLL01$h1941
=CAT  \\$aBATCH-UPD$b00$c20160825$lBLL01$h0141
=CAT  \\$aIPL-CLA$c20160930$lBLL01$h1627
=CAT  \\$aBATCH-UPD$b00$c20170216$lBLL01$h2036
=CAT  \\$aIPL-CLA$c20170331$lBLL01$h1905
=CAT  \\$aBATCH-UPD$b00$c20170904$lBLL01$h2105
=CAT  \\$aIPL-CLA$c20170929$lBLL01$h1751
=CAT  \\$aBATCH-UPD$b00$c20180223$lBLL01$h2004
=CAT  \\$aIPL-CLA$c20180331$lBLL01$h1646
=CAT  \\$aBATCH-UPD$b00$c20180823$lBLL01$h2015
=CAT  \\$aIPL-CLA$c20180930$lBLL01$h1511
=CAT  \\$aBATCH-UPD$b00$c20190829$lBLL01$h1621
=CAT  \\$aIPL-CLA$c20190930$lBLL01$h1647
=CAT  \\$aBATCH-UPD$b00$c20200219$lBLL01$h1621
=CAT  \\$aIPL-CLA$c20200331$lBLL01$h1624
=CAT  \\$aBATCH-UPD$b00$c20200522$lBLL01$h1546
=CAT  \\$aIPL-CLA$c20200701$lBLL01$h0108
=CAT  \\$aBATCH-UPD$b00$c20210226$lBLL01$h1127
=CAT  \\$aIPL-CLA$c20210331$lBLL01$h1701
=CAT  \\$aBATCH-UPD$b00$c20210707$lBLL01$h1651
=CAT  \\$aIPL-CLA$c20210707$lBLL01$h1844
=CAT  \\$aBATCH-UPD$b00$c20220520$lBLL01$h1736
=CAT  \\$aIPL-CLA$c20220630$lBLL01$h1538
=CAT  \\$aBATCH-UPD$b00$c20220824$lBLL01$h0953
=CAT  \\$aIPL-CLA$c20220930$lBLL01$h1428
=CFI  0\$aCurrent copyright fee: GBP23.75$c90\0$e01-oct-2022$fGBP23.75$g0$hP$5Uk
=CFI  2\$aPrevious copyright fee: GBP22.80$c90\0$e01-jul-2022$fGBP22.80$g0$hP$5Uk
=FFP  \\$aY$bBLDSS-3PM
=SID  \\$aZ39$bOCLC
=TCO  \\$aZZZ$c008
=TOC  \\$aETOC
=UNO  \\$aY
=ACF  \\$aPrevious copyright fee: GBP9.00$c0$e01-jan-2010$fGBP9.00$g0$hA$5Uk
=ACF  \\$aPrevious copyright fee: GBP6.00$c0$e16-dec-2009$fGBP6.00$g0$hA$5Uk
=ACF  \\$aPrevious copyright fee: GBP17.50$c90\0$e21-may-2013$fGBP17.50$g0$hP$5Uk
=ACF  \\$aPrevious copyright fee: GBP12.00$c0$e01-jan-2012$fGBP12.00$g0$hA$5Uk
=ACF  \\$aPrevious copyright fee: GBP10.50$c0$e01-jan-2011$fGBP10.50$g0$hA$5Uk
=ACF  \\$aPrevious copyright fee: GBP18.06$c90\0$e23-oct-2013$fGBP18.06$g0$hP$5Uk
=ACF  \\$aPrevious copyright fee: GBP17.50$c90\0$e01-jan-2014$fGBP17.50$g0$hP$5Uk
=ACF  \\$aPrevious copyright fee: GBP16.97$c90\0$e01-jul-2014$fGBP16.97$g0$hP$5Uk
=ACF  \\$aPrevious copyright fee: GBP18.06$c90\0$e01-apr-2015$fGBP18.06$g0$hP$5Uk
=ACF  \\$aPrevious copyright fee: GBP18.67$c90\0$e01-jul-2015$fGBP18.67$g0$hP$5Uk
=ACF  \\$aPrevious copyright fee: GBP18.39$c90\0$e01-oct-2015$fGBP18.39$g0$hP$5Uk
=ACF  \\$aPrevious copyright fee: GBP19.66$c90\0$e01-apr-2016$fGBP19.66$g0$hP$5Uk
=ACF  \\$aPrevious copyright fee: GBP21.11$c90\0$e01-oct-2016$fGBP21.11$g0$hP$5Uk
=ACF  \\$aPrevious copyright fee: GBP22.80$c90\0$e01-apr-2017$fGBP22.80$g0$hP$5Uk
=ACF  \\$aPrevious copyright fee: GBP21.92$c90\0$e01-oct-2017$fGBP21.92$g0$hP$5Uk
=ACF  \\$aPrevious copyright fee: GBP20.36$c90\0$e01-apr-2018$fGBP20.36$g0$hP$5Uk
=ACF  \\$aPrevious copyright fee: GBP21.92$c90\0$e01-oct-2018$fGBP21.92$g0$hP$5Uk
=ACF  \\$aPrevious copyright fee: GBP22.80$c90\0$e01-oct-2019$fGBP22.80$g0$hP$5Uk
=ACF  \\$aPrevious copyright fee: GBP21.92$c90\0$e01-apr-2020$fGBP21.92$g0$hP$5Uk
=ACF  \\$aPrevious copyright fee: GBP22.80$c90\0$e01-jul-2020$fGBP22.80$g0$hP$5Uk
=ACF  \\$aPrevious copyright fee: GBP21.11$c90\0$e01-apr-2021$fGBP21.11$g0$hP$5Uk
=ACF  \\$aPrevious copyright fee: GBP20.36$c90\0$e07-jul-2021$fGBP20.36$g0$hP$5Uk
=LAS  \\$aIPL-CLA$b00$c20220930$lBLL01$h1428

