=LDR  02496 as a22006257a 4500
=001  015450153
=003  Uk
=005  20161116142946.0
=006  m\\\\\\\\d\|\\\\\\
=007  cr||||||||||||
=008  091217d20072010enkqr\p\s\\\\\0\\\a0eng\\
=022  0\$a2042-8332$202
=040  \\$aUk$beng$cUk$dUk
=042  \\$aissnuk
=082  04$a362.30941
=222  \0$aAdvances in mental health and learning disabilities$b(Online)
=245  00$aAdvances in mental health and learning disabilities$h[electronic resource].
=260  \\$aHove :$bPier Professional
=310  \\$aQuarterly
=336  \\$atext$2rdacontent
=337  \\$acomputer$2rdamedia
=338  \\$aonline resource$2rdacarrier
=540  \\$aCurrent copyright fee: GBP30.00$c25\0$5Uk
=776  0\$tAdvances in mental health and learning disabilities$x1753-0180
=785  00$tAdvances in mental health and intellectual disabilities$c(Online)$x2044-1290
=856  \\$31850-9999$uhttp://www.emeraldinsight.com/$xBLDSS
=856  40$uhttp://pierprofessional.metapress.com/content/121395/
=945  \\$aAdvances in mental health and learning disabilities.
=979  \\$aBritish Library$bDSC$j0709.378500
=985  \\$aISSN completion based on: Vol. 1, no. 1 (Mar. 2007); title from title screen (publisher's Web site, viewed Dec. 17, 2009).
=ACF  \\$aPrevious copyright fee: GBP15.00$c25\0$e11-apr-2013$fGBP15.00$g0$hP$5Uk
=CAT  \\$a11315$b40$c20091217$lBLL01$h1132
=CAT  \\$a11316$b40$c20091222$lBLL01$h1503
=CAT  \\$a5997$b40$c20100724$lBLL01$h0642
=CAT  \\$a5552$b40$c20130411$lBLL01$h1156
=CAT  \\$a11313$b40$c20130524$lBLL01$h1056
=CAT  \\$aBATCH-UPD$b40$c20130904$lBLL01$h1927
=CAT  \\$aIPL-CLA$c20130930$lBLL01$h1805
=CAT  \\$aBLDSS-3PM$b00$c20141121$lBLL01$h1853
=CAT  \\$aBATCH-UPD$b00$c20151109$lBLL01$h1747
=CAT  \\$aIPL-CLA$c20151109$lBLL01$h1813
=CAT  \\$aBATCH-UPD$b00$c20160413$lBLL01$h1824
=CAT  \\$aBATCH-UPD$b00$c20160524$lBLL01$h2213
=CAT  \\$aBATCH-UPD$b00$c20160525$lBLL01$h0044
=CAT  \\$a5552$b40$c20161005$lBLL01$h1429
=CAT  \\$a5552$b40$c20161116$lBLL01$h1429
=CFI  0\$aCurrent copyright fee: GBP30.00$c25\0$e09-nov-2015$fGBP30.00$g0$hP$5Uk
=CFI  2\$aPrevious copyright fee: GBP20.00$c25\0$e01-oct-2013$fGBP20.00$g0$hP$5Uk
=FFP  \\$aY$bBLDSS-3PM
=FIN  \\$aY$d20091217
=FMT  \\$a  SE
=LAS  \\$a5552$b40$c20161116$lBLL01$h1429
=TCO  \\$aCLA$bCLA$c008
=TOC  \\$aETOC
=UNO  \\$aY

