=LDR  02235 as a22005777a 4500
=001  015450239
=003  Uk
=005  20170220134207.0
=006  m\\\\\\\\d\|\\\\\\
=007  cr||||||||||||
=008  091217d19992012enkqr\p\s\\\\\0\\\a0eng\\
=022  0\$a2042-8340$202
=040  \\$aUk$beng$cUk$dUk
=042  \\$aissnuk
=222  \4$aThe British journal of forensic practice$b(Online)
=245  04$aThe British journal of forensic practice$h[electronic resource].
=260  \\$aHove :$bPier Professional
=310  \\$aQuarterly
=336  \\$atext$2rdacontent
=337  \\$acomputer$2rdamedia
=338  \\$aonline resource$2rdacarrier
=540  \\$aCurrent copyright fee: GBP30.00$c25\0$5Uk
=776  0\$tBritish journal of forensic practice$c(Print)$x1463-6646
=785  00$tJournal of forensic practice$x2050-8808
=856  \\$31850-9999$uhttp://www.emeraldinsight.com/$xBLDSS
=856  40$uhttp://pierprofessional.metapress.com/content/121407
=945  \\$aBritish journal of forensic practice.
=979  \\$aBritish Library$bDSC$j2308.330000
=985  \\$aISSN completion based on: Vol. 5, no. 1 (Feb. 2008); title from title screen (publisher's Web site, viewed Dec. 17, 2009).
=ACF  \\$aPrevious copyright fee: GBP15.00$c25\0$e24-oct-2011$fGBP15.00$g0$hP$5Uk
=CAT  \\$a11315$b40$c20091217$lBLL01$h1321
=CAT  \\$a11316$b40$c20091222$lBLL01$h1505
=CAT  \\$a5552$b40$c20111024$lBLL01$h1328
=CAT  \\$a11205$b40$c20130318$lBLL01$h1106
=CAT  \\$aWR13.050$c20130324$lBLL01$h1446
=CAT  \\$aBATCH-UPD$b00$c20130904$lBLL01$h1927
=CAT  \\$aIPL-CLA$c20130930$lBLL01$h1805
=CAT  \\$aBLDSS-3PM$b00$c20141121$lBLL01$h1853
=CAT  \\$aBATCH-UPD$b00$c20151109$lBLL01$h1747
=CAT  \\$aIPL-CLA$c20151109$lBLL01$h1813
=CAT  \\$aBATCH-UPD$b00$c20160413$lBLL01$h1824
=CAT  \\$a5552$b40$c20170220$lBLL01$h1342
=CFI  0\$aCurrent copyright fee: GBP30.00$c25\0$e09-nov-2015$fGBP30.00$g0$hP$5Uk
=CFI  2\$aPrevious copyright fee: GBP20.00$c25\0$e01-oct-2013$fGBP20.00$g0$hP$5Uk
=FFP  \\$aY$bBLDSS-3PM
=FIN  \\$aY$d20091217
=FMT  \\$a  SE
=LAS  \\$a5552$b40$c20170220$lBLL01$h1342
=TCO  \\$aCLA$bCLA$c008
=TOC  \\$aETOC
=UNO  \\$aY

