=LDR  01875cas a22005297a 4500
=001  015450867
=003  Uk
=005  20220926090210.0
=006  m\\\\\\\\d\|\\\\\\
=007  cr||||||||||||
=008  091218d20002009enkqr\p\s\\\\\0\\\a0eng\\
=FMT  \\$a  SE
=022  0\$a2042-8766$202
=040  \\$aUk$beng$cUk$dUk
=042  \\$aissnuk
=222  \0$aQuality in ageing$b(Online)
=245  00$aQuality in ageing$h[electronic resource].
=260  \\$aHove :$bPier Professional
=310  \\$aQuarterly
=336  \\$atext$2rdacontent
=337  \\$acomputer$2rdamedia
=338  \\$aonline resource$2rdacarrier
=540  \\$aCurrent copyright fee: GBP30.00$c25\0$5Uk
=776  0\$tQuality in ageing$x1471-7794
=785  00$tQuality in ageing and older adults$x2044-1835
=856  \\$31850-9999$uhttp://www.emeraldinsight.com/$xBLDSS
=856  40$uhttps://www.emeraldgrouppublishing.com/journal/qaoa
=945  \\$aQuality in ageing
=979  \\$aBritish Library$bDSC$j7168.134100
=985  \\$aISSN completion based on: Vol. 1, no. 1 (Sept. 2000); title from title screen (publisher's Web site, viewed Dec. 18, 2009).
=CAT  \\$a11315$b40$c20091218$lBLL01$h1256
=CAT  \\$a11316$b40$c20091223$lBLL01$h0921
=CAT  \\$a8055$b40$c20220914$lBLL01$h1444
=CAT  \\$a10806$b40$c20220915$lBLL01$h1136
=CAT  \\$a10806$b40$c20220915$lBLL01$h1136
=CAT  \\$a8055$b40$c20220916$lBLL01$h1021
=CAT  \\$aBATCH-UNOA$c20220921$lBLL01$h0103
=CAT  \\$aBLDSS-3PM$b00$c20220926$lBLL01$h0902
=CAT  \\$aBATCH-UPD$b00$c20220926$lBLL01$h0903
=CFI  0\$aCurrent copyright fee: GBP30.00$c25\0$e14-sep-2022$fGBP30.00$g0$hP$5Uk
=FFP  \\$aY$bBLDSS-3PM
=FIN  \\$aY$d20091218
=LET  \0$aQuality in ageing (Online)
=MNI  \\$a1471-7794
=TCO  \\$aCLA$bCLA$c008
=UNO  \\$aY
=LAS  \\$aBATCH-UPD$b00$c20220926$lBLL01$h0903

