=LDR  02760aas a2200733 a 4500
=001  015454201
=003  Uk
=005  20210708085736.0
=006  m\\\\\o\\d\\\\\\\\
=007  cr\|||||||||||
=008  110622d20112014enk\x\p\s\\\\\0\\\a0eng\c
=010  \\$a2011247776
=015  \\$aGBB2C3882$2bnb
=016  7\$a101577812$2DNLM
=016  7\$a2616917-4$2DE-600
=022  0\$a2042-5783$202
=035  \\$a(OCoLC)732344286
=040  \\$aPFM$cPFM$dPFM$dHEBIS$dOCL$dNLM$dUk
=042  \\$aissnuk$aukblsr
=050  \4$aQR1$b.M612
=060  10$aW1
=082  04$a579.0285$223
=222  \0$aMicrobial informatics and experimentation
=245  00$aMicrobial informatics and experimentation$h[electronic resource].
=246  1\$aMIE
=260  \\$aLondon :$bBioMed Central
=310  \\$aIrregular
=336  \\$atext$2rdacontent
=337  \\$acomputer$2rdamedia
=338  \\$aonline resource$2rdacarrier
=362  1\$aBegan with 1:1 (14 June 2011).
=362  1\$a"Ceased to be published ... as of 1st June 2014" (from journal homepage).
=515  \\$aArticles are added on an individual basis, as accepted.
=540  \\$aCurrent copyright fee: zero$c22\1$5Uk
=588  \\$aDescription based on: 1:1 (14 June 2011); title from journal home page (publisher's Web site, viewed June 21, 2011).
=588  \\$aLatest issue consulted: 2012, 2:8 (28 Aug. 2012) (viewed Dec. 5, 2012).
=650  \0$aMicrobiology$xData processing$vPeriodicals.
=650  \0$aBioinformatics$vPeriodicals.
=650  12$aMicrobiology$vPeriodicals.
=650  22$aComputational Biology$vPeriodicals.
=856  \\$31850-9999$uhttp://link.springer.com/$xBLDSS
=856  40$uhttp://www.microbialinformaticsj.com/
=945  \\$aMicrobial informatics and experimentation
=979  \\$aBritish Library$bDSC$j5756.937000N
=985  \\$aISSN note: description based on homepage of journal; first article (editorial) 1:1 (14th June 2011), viewed 16/06/11.
=CAT  \\$a11316$b40$c20091223$lBLL01$h1128
=CAT  \\$a11313$b40$c20100414$lBLL01$h1017
=CAT  \\$a11315$b40$c20110616$lBLL01$h1014
=CAT  \\$a3072$b40$c20121205$lBLL01$h1700
=CAT  \\$a3072$b40$c20121206$lBLL01$h1008
=CAT  \\$a11313$b40$c20130110$lBLL01$h0902
=CAT  \\$a11313$b40$c20140602$lBLL01$h1042
=CAT  \\$a12654$b40$c20210622$lBLL01$h0925
=CAT  \\$aBATCH-UNOA$c20210622$lBLL01$h2236
=CAT  \\$aBLDSS-3PM$b00$c20210708$lBLL01$h0857
=CAT  \\$aBATCH-UPD$b00$c20210708$lBLL01$h0902
=CFI  0\$aCurrent copyright fee: zero$c22\1$e22-jun-2021$fGBP0.00$g0$hP$5Uk
=FFP  \\$aY$bBLDSS-3PM
=FIN  \\$aY$d20110616
=FMT  \\$a  SE
=LAS  \\$aBATCH-UPD$b00$c20210708$lBLL01$h0902
=SID  \\$aZ39$bOCLC
=TCO  \\$aCLA$bCLA$c008
=UNO  \\$aY

