=LDR  03088cas a22007457a 4500
=001  015476423
=003  Uk
=005  20230930080952.0
=006  m\\\\\\\\d\|\\\\\\
=007  cr||||||||||||
=008  100129d20102011enkfr\p\o\\\\\0\\\a0eng\\
=FMT  \\$a  SE
=022  0\$a2043-0469$202
=040  \\$aUk$beng$cUk
=042  \\$aissnuk
=222  \0$aHuman reproduction and genetic ethics$b(Online)
=245  00$aHuman reproduction and genetic ethics$h[electronic resource].
=260  \\$aLondon :$bEquinox Publishing
=310  \\$aTwo issues yearly
=336  \\$atext$2rdacontent
=337  \\$acomputer$2rdamedia
=338  \\$aonline resource$2rdacarrier
=540  \\$aCurrent copyright fee: GBP37.00$c2\0$5Uk
=776  0\$tHuman reproduction and genetic ethics$x1028-7825
=785  00$tNew bioethics$c(Online)$x2050-2885
=856  \\$31850-9999$uhttp://maneypublishing.com/$xBLDSS
=856  40$uhttp://www.equinoxpub.com/index.php/HRGE
=945  \\$aHuman reproduction and genetic ethics.
=979  \\$aBritish Library$bDSC$j4336.431200
=985  \\$aISSN title from home page html header (publisher's Web site, viewed Oct. 3, 2011).
=CAT  \\$a7152$b40$c20100129$lBLL01$h1446
=CAT  \\$a5997$b40$c20111003$lBLL01$h1149
=CAT  \\$a10806$b40$c20120523$lBLL01$h1412
=CAT  \\$a8323$b40$c20130807$lBLL01$h1137
=CAT  \\$a5552$b40$c20130828$lBLL01$h0940
=CAT  \\$aBLDSS-3PM$b00$c20141208$lBLL01$h1627
=CAT  \\$aBATCH-UPD$b00$c20151119$lBLL01$h1603
=CAT  \\$aIPL-CLA$c20151231$lBLL01$h1931
=CAT  \\$aBATCH-UPD$b00$c20160413$lBLL01$h1824
=CAT  \\$aBATCH-UPD$b00$c20161122$lBLL01$h1542
=CAT  \\$aBATCH-UPD$b00$c20161122$lBLL01$h1819
=CAT  \\$aIPL-CLA$c20161230$lBLL01$h2339
=CAT  \\$a5552$b40$c20170518$lBLL01$h1338
=CAT  \\$a5552$b40$c20190114$lBLL01$h0933
=CAT  \\$aBATCH-UPD$b40$c20191122$lBLL01$h1921
=CAT  \\$aIPL-CLA$c20191231$lBLL01$h2021
=CAT  \\$aBATCH-UPD$b00$c20201118$lBLL01$h1355
=CAT  \\$aIPL-CLA$c20201231$lBLL01$h1531
=CAT  \\$aBATCH-UPD$b00$c20221121$lBLL01$h1430
=CAT  \\$aIPL-CLA$c20221231$lBLL01$h1450
=CAT  \\$aR2308-1440$c20230824$lBLL01$h0929
=CAT  \\$aIPL-CLA$c20230930$lBLL01$h0809
=CFI  0\$aCurrent copyright fee: GBP37.00$c2\0$e01-oct-2023$fGBP37.00$g0$hP$5Uk
=CFI  2\$aPrevious copyright fee: GBP37.00$c47\0$e01-jan-2023$fGBP37.00$g0$hP$5Uk
=FFP  \\$aY$bBLDSS-3PM
=FIN  \\$aY$d20111003
=TCO  \\$aCLA$bCLA$c008
=TOC  \\$aETOC
=ACF  \\$aPrevious Copyright Fee: GBP25.00$c47\0$e28-aug-2013$fGBP25.00$g0$hP$5Uk
=ACF  \\$aPrevious copyright fee: GBP28.00$c47\0$e01-jan-2017$fGBP28.00$g0$hP$5Uk
=ACF  \\$aPrevious copyright fee: GBP26.00$c47\0$e01-jan-2016$fGBP26.00$g0$hP$5Uk
=ACF  \\$aPrevious copyright fee: GBP32.00$c47\0$e14-jan-2019$fGBP32.00$g0$hP$5Uk
=ACF  \\$aPrevious copyright fee: GBP34.00$c47\0$e01-jan-2020$fGBP34.00$g0$hP$5Uk
=ACF  \\$aPrevious copyright fee: GBP35.00$c47\0$e01-jan-2021$fGBP35.00$g0$hP$5Uk
=LAS  \\$aIPL-CLA$b00$c20230930$lBLL01$h0809

