=LDR  02928 as a2200757 a 4500
=001  015478062
=003  Uk
=005  20150317132302.0
=006  m\\\\\o\\d\\\\\\\\
=007  cr\|||||||||||
=008  090918c20099999ne\fr\p\o\\\\\0\\\a0eng\c
=010  \\$a  2009242249
=022  0\$a1876-5149$y1876-5092
=035  \\$a(OCoLC)437034977
=040  \\$aMYG$beng$cMYG$dHEBIS$dOCLCQ$dOCLCF$dUk
=042  \\$aukblsr
=043  \\$aa-cc---
=050  \0$aHD2910.A1
=082  04$a658.048$223
=222  \4$aThe China nonprofit review$b(Online)
=245  04$aThe China nonprofit review$h[electronic resource].
=246  13$aChina NPO review
=260  \\$aLeiden :$bBrill,$c2009-
=310  \\$aSemiannual
=336  \\$atext$2rdacontent
=337  \\$acomputer$2rdamedia
=338  \\$aonline resource$2rdacarrier
=362  1\$aBegan with: Vol. 1, no. 1 (2009).
=500  \\$aLatest issued consulted: Vol. 1, no. 2 (2009) (IngentaConnect; viewed Sept. 18, 2009).
=500  \\$aAlso issued in Chinese.
=540  \\$aCurrent copyright fee: GBP22.00$c74\0$5Uk
=588  \\$aDescription based on: Vol. 1, no. 1 (2009) (IngentaConnect; viewed Sept. 18, 2009).
=590  \\$aRoute failed DSC EXTENDED searches to Records Team
=650  \0$aNonprofit organizations$zChina$vPeriodicals.
=650  \0$aNon-governmental organizations$zChina$vPeriodicals.
=776  08$iPrint version:$tChina nonprofit review$x1876-5092
=856  \\$31850-9999$uhttp://www.brill.com/$xBLDSS
=856  40$uhttp://openurl.ingenta.com/content?genre=journal&issn=1876-5092
=856  40$uhttp://www.brill.com/china-nonprofit-review
=945  \\$aChina Nonprofit Review
=979  \\$aBritish Library$bDSC$j3180.212000N
=ACF  \\$aPrevious copyright fee: GBP10.50$c0$e01-jan-2011$fGBP10.50$g0$hA$5Uk
=ACF  \\$aPrevious copyright fee: GBP9.00$c0$e02-feb-2010$fGBP9.00$g0$hA$5Uk
=CAT  \\$a11450$b40$c20100202$lBLL01$h1422
=CAT  \\$aBATCH-UPD$b40$c20101124$lBLL01$h1954
=CAT  \\$aBATCH-UPD$b40$c20101125$lBLL01$h1220
=CAT  \\$aIPL-CLA$c20101231$lBLL01$h1528
=CAT  \\$aWR11_203$c20111204$lBLL01$h1515
=CAT  \\$aIPL-CLA$c20111230$lBLL01$h2034
=CAT  \\$a8439$b40$c20121105$lBLL01$h1341
=CAT  \\$aBATCH-CLA$b00$c20121109$lBLL01$h1721
=CAT  \\$a8201$b40$c20140930$lBLL01$h1423
=CAT  \\$aBLDSS-3PM$b00$c20150131$lBLL01$h2314
=CAT  \\$a8874$b40$c20150317$lBLL01$h1323
=CAT  \\$aBATCH-UPD$b40$c20160413$lBLL01$h1824
=CAT  \\$aBATCH-UPD$b40$c20160524$lBLL01$h2301
=CAT  \\$aBATCH-UPD$b40$c20160525$lBLL01$h0654
=CFI  0\$aCurrent copyright fee: GBP22.00$c74\0$e05-nov-2012$fGBP22.00$g0$hP$5Uk
=CFI  2\$aPrevious copyright fee: GBP12.00$c0$e01-jan-2012$fGBP12.00$g0$hA$5Uk
=FFP  \\$aY$bBLDSS-3PM
=FMT  \\$a  SE
=LAS  \\$aBATCH-UPD$b40$c20160525$lBLL01$h0654
=SID  \\$aZ39$bOCLC
=TCO  \\$aZZZ$c008
=TOC  \\$aETOC
=UNO  \\$aY

