=LDR  05041cas a2201057 i 4500
=001  015478067
=003  Uk
=005  20220930142808.0
=006  m\\\\\|\\d\|\\\\\\
=007  cr\|||||||||||
=008  100202c20079999ii\fr\p\o\\\\\0\\\a0eng\\
=FMT  \\$a  SE
=022  0\$a0974-083X$l0972-5687
=040  \\$aUk$beng$cUk$dUk$erda
=042  \\$aukblsr
=082  04$a614.1$223
=210  0\$aJ. Punjab Acad. Forensic Med. Toxicol.$b(Online)
=222  \0$aJournal of Punjab Academy of Forensic Medicine & Toxicology$b(Online)
=245  00$aJournal of Punjab Academy of Forensic Medicine & Toxicology.
=246  3\$aJournal of Punjab Academy of Forensic Medicine and Toxicology
=264  \1$aAmritsar :$bR.K. Gorea,$c2001-
=310  \\$aSemiannual,$b2007-
=321  \\$aAnnual
=336  \\$atext$2rdacontent
=337  \\$aunmediated$2rdamedia
=338  \\$avolume$2rdacarrier
=362  0\$aVolume 1, number 1 (January/December 2001)-
=590  \\$aRoute ALL FAILED DSC requests to Records Team
=540  \\$aCurrent copyright fee: GBP23.75$c90\0$5Uk
=650  \0$aMedical jurisprudence$vPeriodicals.
=650  \0$aToxicology$vPeriodicals.
=710  2\$aPunjab Academy of Forensic Medicine & Toxicology,$eissuing body.
=776  08$iAlso issued in print as:$tJournal of Punjab Academy of Forensic Medicine & Toxicology$x0972-5687
=856  \\$31850-9999$uhttp://www.indianjournals.com/ijor.aspx$xBLDSS
=856  40$uhttp://medind.nic.in/jbc/jbcm.shtml
=945  \\$aJournal- Punjab Academy of Forensic Medicine and Toxicology
=979  \\$aBritish Library$bDSC$j4843.842000N
=CAT  \\$a11450$b40$c20100202$lBLL01$h1427
=CAT  \\$aBATCH-UPD$b00$c20160824$lBLL01$h1941
=CAT  \\$aBATCH-UPD$b00$c20160825$lBLL01$h0141
=CAT  \\$aIPL-CLA$c20160930$lBLL01$h1627
=CAT  \\$aBATCH-UPD$b00$c20170216$lBLL01$h2036
=CAT  \\$aIPL-CLA$c20170331$lBLL01$h1905
=CAT  \\$aBATCH-UPD$b00$c20170904$lBLL01$h2105
=CAT  \\$aIPL-CLA$c20170929$lBLL01$h1751
=CAT  \\$aBATCH-UPD$b00$c20180223$lBLL01$h2004
=CAT  \\$aIPL-CLA$c20180331$lBLL01$h1647
=CAT  \\$aBATCH-UPD$b00$c20180823$lBLL01$h2015
=CAT  \\$aIPL-CLA$c20180930$lBLL01$h1511
=CAT  \\$aBATCH-UPD$b00$c20190829$lBLL01$h1621
=CAT  \\$aIPL-CLA$c20190930$lBLL01$h1647
=CAT  \\$aBATCH-UPD$b00$c20200219$lBLL01$h1621
=CAT  \\$aIPL-CLA$c20200331$lBLL01$h1624
=CAT  \\$aBATCH-UPD$b00$c20200522$lBLL01$h1546
=CAT  \\$aIPL-CLA$c20200701$lBLL01$h0108
=CAT  \\$aBATCH-UPD$b00$c20210226$lBLL01$h1127
=CAT  \\$aIPL-CLA$c20210331$lBLL01$h1701
=CAT  \\$aBATCH-UPD$b00$c20210707$lBLL01$h1651
=CAT  \\$aIPL-CLA$c20210707$lBLL01$h1844
=CAT  \\$aBATCH-UPD$b00$c20220520$lBLL01$h1736
=CAT  \\$aIPL-CLA$c20220630$lBLL01$h1538
=CAT  \\$aBATCH-UPD$b00$c20220824$lBLL01$h0953
=CAT  \\$aIPL-CLA$c20220930$lBLL01$h1428
=CFI  0\$aCurrent copyright fee: GBP23.75$c90\0$e01-oct-2022$fGBP23.75$g0$hP$5Uk
=CFI  2\$aPrevious copyright fee: GBP22.80$c90\0$e01-jul-2022$fGBP22.80$g0$hP$5Uk
=FFP  \\$aY$bBLDSS-3PM
=TCO  \\$aZZZ$c008
=TOC  \\$aETOC
=UNO  \\$aY
=ACF  \\$aPrevious copyright fee: GBP9.00$c0$e02-feb-2010$fGBP9.00$g0$hA$5Uk
=ACF  \\$aPrevious copyright fee: GBP17.50$c90\0$e21-may-2013$fGBP17.50$g0$hP$5Uk
=ACF  \\$aPrevious copyright fee: GBP12.00$c0$e01-jan-2012$fGBP12.00$g0$hA$5Uk
=ACF  \\$aPrevious copyright fee: GBP10.50$c0$e01-jan-2011$fGBP10.50$g0$hA$5Uk
=ACF  \\$aPrevious copyright fee: GBP18.06$c90\0$e23-oct-2013$fGBP18.06$g0$hP$5Uk
=ACF  \\$aPrevious copyright fee: GBP17.50$c90\0$e01-jan-2014$fGBP17.50$g0$hP$5Uk
=ACF  \\$aPrevious copyright fee: GBP16.97$c90\0$e01-jul-2014$fGBP16.97$g0$hP$5Uk
=ACF  \\$aPrevious copyright fee: GBP18.06$c90\0$e01-apr-2015$fGBP18.06$g0$hP$5Uk
=ACF  \\$aPrevious copyright fee: GBP18.67$c90\0$e01-jul-2015$fGBP18.67$g0$hP$5Uk
=ACF  \\$aPrevious copyright fee: GBP18.39$c90\0$e01-oct-2015$fGBP18.39$g0$hP$5Uk
=ACF  \\$aPrevious copyright fee: GBP19.66$c90\0$e01-apr-2016$fGBP19.66$g0$hP$5Uk
=ACF  \\$aPrevious copyright fee: GBP21.11$c90\0$e01-oct-2016$fGBP21.11$g0$hP$5Uk
=ACF  \\$aPrevious copyright fee: GBP22.80$c90\0$e01-apr-2017$fGBP22.80$g0$hP$5Uk
=ACF  \\$aPrevious copyright fee: GBP21.92$c90\0$e01-oct-2017$fGBP21.92$g0$hP$5Uk
=ACF  \\$aPrevious copyright fee: GBP20.36$c90\0$e01-apr-2018$fGBP20.36$g0$hP$5Uk
=ACF  \\$aPrevious copyright fee: GBP21.92$c90\0$e01-oct-2018$fGBP21.92$g0$hP$5Uk
=ACF  \\$aPrevious copyright fee: GBP22.80$c90\0$e01-oct-2019$fGBP22.80$g0$hP$5Uk
=ACF  \\$aPrevious copyright fee: GBP21.92$c90\0$e01-apr-2020$fGBP21.92$g0$hP$5Uk
=ACF  \\$aPrevious copyright fee: GBP22.80$c90\0$e01-jul-2020$fGBP22.80$g0$hP$5Uk
=ACF  \\$aPrevious copyright fee: GBP21.11$c90\0$e01-apr-2021$fGBP21.11$g0$hP$5Uk
=ACF  \\$aPrevious copyright fee: GBP20.36$c90\0$e07-jul-2021$fGBP20.36$g0$hP$5Uk
=LAS  \\$aIPL-CLA$b00$c20220930$lBLL01$h1428

