=LDR  03672 as a2200769 a 4500
=001  015508190
=003  Uk
=005  20150317132451.0
=006  m\\\\\o\\d\\\\\\\\
=007  cr\unu||||||||
=008  090402c20089999ne\ar\pso\\\\\0\\\a0eng\c
=010  \\$a  2009242267
=022  \\$a1874-9836$l1874-9828$y1874-9828$2j
=035  \\$a(OCoLC)368001197
=040  \\$aUPB$beng$cUBY$dMYG$dHEBIS$dOCLCQ$dOCLCF$dSERSO$dUk
=042  \\$aukblsr
=082  04$a595$223
=130  0\$aTerrestrial arthropod reviews (Online)
=222  \0$aTerrestrial arthropod reviews$b(online)
=245  10$aTerrestrial arthropod reviews$h[electronic resource].
=246  1\$iSubtitle on cover:$aConcise review articles on insects, spiders and their relatives living on land
=260  \\$aLeiden ;$aBoston :$bBrill,$c2008-
=310  \\$aAnnual
=336  \\$atext$2rdacontent
=337  \\$acomputer$2rdamedia
=338  \\$aonline resource$2rdacarrier
=362  1\$aBegan with: Vol. 1, no. 1 (2008).
=520  \\$aJournal contains concise review articles on living and extinct insects, arachnids, and their relatives that use land during (a part of) their life history. The journal welcomes integrative reports on findings within a certain habitat or organism, but beyond the taxonomic description. Reports on species-species or species-environment interactions as well as biodiversity, conservation biology and the effect on habitats of ecological changes are especially welcome. New species descriptions, taxonomic revisions, or new records are specifically excluded.
=540  \\$aCurrent copyright fee: GBP22.00$c74\0$5Uk
=588  \\$aDescription based on: Vol. 1, no. 1 (2008); title from journal information screen (IngentaConnect, viewed Sept. 2, 2009).
=588  \\$aLatest issue consulted: Vol. 2, no. 1 (2009) (IngentaConnect, viewed Sept. 2, 2009).
=590  \\$aRoute ALL FAILED DSC requests to Records Team
=650  \0$aEntomology$vPeriodicals.
=650  \0$aArthropoda$vPeriodicals.
=650  \0$aInsects$vPeriodicals.
=776  08$iPrint version:$tTerrestrial arthropod reviews$x1874-9828
=856  \\$31850-9999$uhttp://www.brill.com/$xBLDSS
=856  40$uhttp://www.brill.com/terrestrial-arthropod-reviews
=856  41$uhttp://openurl.ingenta.com/content?genre=journal&issn=1874-9828
=945  \\$aTerrestrial Arthropod Reviews
=979  \\$aBritish Library$bDSC$j8796.064700N
=ACF  \\$aPrevious copyright fee: GBP10.50$c0$e01-jan-2011$fGBP10.50$g0$hA$5Uk
=ACF  \\$aPrevious copyright fee: GBP9.00$c0$e12-mar-2010$fGBP9.00$g0$hA$5Uk
=CAT  \\$a11450$b40$c20100312$lBLL01$h1631
=CAT  \\$aBATCH-UPD$b40$c20101124$lBLL01$h1954
=CAT  \\$aBATCH-UPD$b40$c20101125$lBLL01$h1220
=CAT  \\$aIPL-CLA$c20101231$lBLL01$h1528
=CAT  \\$aWR11_203$c20111204$lBLL01$h1515
=CAT  \\$aIPL-CLA$c20111230$lBLL01$h2035
=CAT  \\$a8439$b40$c20121105$lBLL01$h1340
=CAT  \\$aBATCH-CLA$b00$c20121109$lBLL01$h1721
=CAT  \\$a5763$b30$c20130801$lBLL01$h0948
=CAT  \\$a8201$b40$c20140930$lBLL01$h1528
=CAT  \\$aBLDSS-3PM$b00$c20150131$lBLL01$h2314
=CAT  \\$a8874$b40$c20150317$lBLL01$h1324
=CAT  \\$aBATCH-UPD$b40$c20160413$lBLL01$h1824
=CAT  \\$aBATCH-UPD$b40$c20160524$lBLL01$h2301
=CAT  \\$aBATCH-UPD$b40$c20160525$lBLL01$h0654
=CFI  0\$aCurrent copyright fee: GBP22.00$c74\0$e05-nov-2012$fGBP22.00$g0$hP$5Uk
=CFI  2\$aPrevious copyright fee: GBP12.00$c0$e01-jan-2012$fGBP12.00$g0$hA$5Uk
=FFP  \\$aY$bBLDSS-3PM
=FMT  \\$a  SE
=LAS  \\$aBATCH-UPD$b40$c20160525$lBLL01$h0654
=SID  \\$aZ39$bOCLC
=TCO  \\$aZZZ$c008
=TOC  \\$aETOC
=UNO  \\$aY

