=LDR  04133cas a2200985 a 4500
=001  015520341
=003  Uk
=005  20221231225126.0
=006  m\\\\\\\\d\\\\\\\\
=007  cr\|||||||||||
=008  070501d19912006enkfr\pss\\\\\0\\\\0eng\d
=FMT  \\$a  SE
=010  \\$a2008247510
=015  \\$aGBB044907$2bnb
=022  \\$y0961-5768
=035  \\$a(OCoLC)174150481
=040  \\$aNHemH-L$cCWCLL$dTKF$dNBuU$dDS$dWaU$dST-EdSUN$dUk
=042  \\$aukblsr
=043  \\$ae-uk-en
=050  \4$aK11$b.I54
=082  04$a344$222
=130  0\$aKing's College law journal (Online)
=245  14$aThe King's College law journal$h[electronic resource].
=246  1\$iAlso known as:$aJournal of the School of Law, King's College London
=246  1\$iCite as:$aKCLJ
=260  \\$aLondon :$bKing's College London,$c1990-2006
=310  \\$aTwo issues a year,$b1999-2006
=321  \\$aAnnual,$b1990/91-1998/99
=336  \\$atext$2rdacontent
=337  \\$acomputer$2rdamedia
=338  \\$aonline resource$2rdacarrier
=362  1\$aBegan publication with: Vol. 1 (1990-91) and ceased with v. 17, no. 2 (2006).
=500  \\$aTitle from table of contents page (HeinOnline, viewed Jan. 4, 2008).
=500  \\$aFinal issue consulted (Hart Publishing website, viewed Jan. 25, 2008).
=500  \\$aPublished: Oxford, UK : Hart, 1999-2006.
=538  \\$aMode of access: World Wide Web.
=540  \\$aCurrent copyright fee: GBP37.00$c2\0$5Uk
=650  \0$aLaw$zGreat Britain$vPeriodicals.
=650  \0$aLaw reviews$zGreat Britain.
=785  00$tKing's law journal$x1757-8442
=710  2\$aKing's College London.$bSchool of Law.
=776  08$iAlso issued in print:$tKing's College law journal$x0961-5768
=780  00$tKing's counsel
=856  \\$31850-9999$uhttp://www.tandfonline.com/$xBLDSS
=856  4\$uhttp://www.hartjournals.co.uk/klj
=856  4\$uhttp://www.heinonline.org/HOL/Index?index=journals/kingsclj&collection=journals
=856  40$uhttp://www.ingentaconnect.com/content/hart/klj
=945  \\$aKings College law journal.
=979  \\$aBritish Library$bDSC$j5096.205000
=CAT  \\$a7332$b40$c20100329$lBLL01$h1412
=CAT  \\$a7332$b40$c20100329$lBLL01$h1534
=CAT  \\$a3072$b40$c20100416$lBLL01$h1416
=CAT  \\$a5552$b40$c20160311$lBLL01$h0826
=CAT  \\$aBLDSS-3PM$b00$c20160317$lBLL01$h1142
=CAT  \\$aBATCH-UPD$b00$c20160413$lBLL01$h1824
=CAT  \\$aBATCH-UPD$b00$c20161122$lBLL01$h1514
=CAT  \\$aBATCH-UPD$b00$c20161122$lBLL01$h1624
=CAT  \\$aIPL-CLA$c20161230$lBLL01$h2341
=CAT  \\$a5410$b40$c20170208$lBLL01$h1125
=CAT  \\$a5552$b40$c20170216$lBLL01$h1158
=CAT  \\$aBATCH-UPD$b40$c20171121$lBLL01$h1649
=CAT  \\$aW1711-1225$c20171203$lBLL01$h1037
=CAT  \\$aIPL-CLA$c20171231$lBLL01$h1759
=CAT  \\$aBATCH-UPD$b00$c20181217$lBLL01$h1640
=CAT  \\$aIPL-CLA$c20181231$lBLL01$h1550
=CAT  \\$aBATCH-UPD$b00$c20191122$lBLL01$h1902
=CAT  \\$aIPL-CLA$c20191231$lBLL01$h2022
=CAT  \\$aBATCH-UPD$b00$c20201118$lBLL01$h1336
=CAT  \\$a6490$b40$c20201216$lBLL01$h1301
=CAT  \\$aIPL-CLA$c20201231$lBLL01$h2321
=CAT  \\$aBATCH-UPD$b00$c20221121$lBLL01$h1349
=CAT  \\$aIPL-CLA$c20221231$lBLL01$h2251
=CFI  0\$aCurrent copyright fee: GBP37.00$c2\0$e01-jan-2023$fGBP37.00$g0$hP$5Uk
=CFI  2\$aPrevious copyright fee: GBP35.00$c2\0$e01-jan-2021$fGBP35.00$g0$hP$5Uk
=FFP  \\$aY$bBLDSS-3PM
=FIN  \\$aY$d20100329
=LKR  \\$aPAR$b011114184$lBLL01$r776$mKing's College law journal (Online)$nThe King's College law journal (Print)
=SID  \\$aZ39$bSUNCAT
=TCO  \\$aCLA$bCLA$c008
=ACF  \\$aPrevious Copyright Fee: GBP26.00$c2\0$e11-mar-2016$fGBP26.00$g0$hP$5Uk
=ACF  \\$aPrevious copyright fee: GBP28.00$c2\0$e01-jan-2017$fGBP28.00$g0$hP$5Uk
=ACF  \\$aPrevious copyright fee: GBP30.00$c2\0$e01-jan-2018$fGBP30.00$g0$hP$5Uk
=ACF  \\$aPrevious copyright fee: GBP32.00$c2\0$e01-jan-2019$fGBP32.00$g0$hP$5Uk
=ACF  \\$aPrevious copyright fee: GBP34.00$c2\0$e01-jan-2020$fGBP34.00$g0$hP$5Uk
=LAS  \\$aIPL-CLA$b00$c20221231$lBLL01$h2251

