=LDR  05199cas a2201093 a 4500
=001  015549052
=003  Uk
=005  20220930142813.0
=006  m\\\\\o\\d\\\\\\\\
=007  cr\mnu||||||||
=008  120227c20089999ii\mr\p\o\\\\\0\\\a0eng\d
=FMT  \\$a  SE
=022  0\$a0974-4150$l0974-4150$y0974-4169
=035  \\$a(OCoLC)786452154
=040  \\$aCNCGM$cCNCGM$dOCLCQ$dCUS$dOCLCF$dOCLCO$dUk
=050  \4$aQD1
=082  04$a540.72$223
=210  0\$aAsian j. res. chem$b(Online)
=222  \0$aAsian journal of research in chemistry$b(Online)
=245  00$aAsian journal of research in chemistry$h[electronic resource].
=246  1\$aAJRC
=260  \\$aRaipur :$bMonica S. Daharwal,$c2008-
=310  \\$aMonthly,$b2011-
=321  \\$aQuarterly,$b2008-2010
=336  \\$atext$2rdacontent
=337  \\$acomputer$2rdamedia
=338  \\$aonline resource$2rdacarrier
=362  1\$aBegan in 2008. cf ISSN Portal.
=590  \\$aRoute ALL FAILED DSC requests to Records Team
=588  \\$aDescription based on: Volume 01, issue 01, July-September, 2008; title from journal home page (publisher's Web site, viewed Dec. 28, 2012).
=588  \\$aLatest issue consulted: Volume 05, issue 11, November 2012 (viewed Dec. 28, 2012).
=540  \\$aCurrent copyright fee: GBP23.75$c90\0$5Uk
=650  \0$aChemistry$xResearch$vPeriodicals.
=776  08$iPrint version:$tAsian journal of research in chemistry$x0974-4169
=856  \\$31850-9999$uhttp://www.indianjournals.com/ijor.aspx$xBLDSS
=856  40$uhttp://ajrconline.org
=856  40$uhttp://search.ebscohost.com/direct.asp?db=a9h&jid=%22B9M8%22&scope=site
=945  \\$aAsian journal of research in chemistry
=979  \\$aBritish Library$bDSC$j1742.575500N
=CAT  \\$a5763$b40$c20100510$lBLL01$h1235
=CAT  \\$aBATCH-UPD$b00$c20160824$lBLL01$h1941
=CAT  \\$aBATCH-UPD$b00$c20160825$lBLL01$h0141
=CAT  \\$aIPL-CLA$c20160930$lBLL01$h1629
=CAT  \\$aBATCH-UPD$b00$c20170216$lBLL01$h2036
=CAT  \\$aIPL-CLA$c20170331$lBLL01$h1906
=CAT  \\$aBATCH-UPD$b00$c20170904$lBLL01$h2105
=CAT  \\$aIPL-CLA$c20170929$lBLL01$h1752
=CAT  \\$aBATCH-UPD$b00$c20180223$lBLL01$h2004
=CAT  \\$aIPL-CLA$c20180331$lBLL01$h1648
=CAT  \\$aBATCH-UPD$b00$c20180823$lBLL01$h2015
=CAT  \\$aIPL-CLA$c20180930$lBLL01$h1512
=CAT  \\$aBATCH-UPD$b00$c20190829$lBLL01$h1621
=CAT  \\$aIPL-CLA$c20190930$lBLL01$h1648
=CAT  \\$aBATCH-UPD$b00$c20200219$lBLL01$h1621
=CAT  \\$aIPL-CLA$c20200331$lBLL01$h1625
=CAT  \\$aBATCH-UPD$b00$c20200522$lBLL01$h1546
=CAT  \\$aIPL-CLA$c20200701$lBLL01$h0108
=CAT  \\$aBATCH-UPD$b00$c20210226$lBLL01$h1127
=CAT  \\$aIPL-CLA$c20210331$lBLL01$h1701
=CAT  \\$aBATCH-UPD$b00$c20210707$lBLL01$h1651
=CAT  \\$aIPL-CLA$c20210707$lBLL01$h1844
=CAT  \\$aBATCH-UPD$b00$c20220520$lBLL01$h1736
=CAT  \\$aIPL-CLA$c20220630$lBLL01$h1538
=CAT  \\$aBATCH-UPD$b00$c20220824$lBLL01$h0953
=CAT  \\$aIPL-CLA$c20220930$lBLL01$h1428
=CFI  0\$aCurrent copyright fee: GBP23.75$c90\0$e01-oct-2022$fGBP23.75$g0$hP$5Uk
=CFI  2\$aPrevious copyright fee: GBP22.80$c90\0$e01-jul-2022$fGBP22.80$g0$hP$5Uk
=FFP  \\$aY$bBLDSS-3PM
=SID  \\$aZ39$bOCLC
=TCO  \\$aZZZ$c008
=TOC  \\$aETOC
=UNO  \\$aY
=ACF  \\$aPrevious copyright fee: GBP9.00$c0$e10-may-2010$fGBP9.00$g0$hA$5Uk
=ACF  \\$aPrevious copyright fee: GBP17.50$c90\0$e21-may-2013$fGBP17.50$g0$hP$5Uk
=ACF  \\$aPrevious copyright fee: GBP12.00$c0$e01-jan-2012$fGBP12.00$g0$hA$5Uk
=ACF  \\$aPrevious copyright fee: GBP10.50$c0$e01-jan-2011$fGBP10.50$g0$hA$5Uk
=ACF  \\$aPrevious copyright fee: GBP18.06$c90\0$e23-oct-2013$fGBP18.06$g0$hP$5Uk
=ACF  \\$aPrevious copyright fee: GBP17.50$c90\0$e01-jan-2014$fGBP17.50$g0$hP$5Uk
=ACF  \\$aPrevious copyright fee: GBP16.97$c90\0$e01-jul-2014$fGBP16.97$g0$hP$5Uk
=ACF  \\$aPrevious copyright fee: GBP18.06$c90\0$e01-apr-2015$fGBP18.06$g0$hP$5Uk
=ACF  \\$aPrevious copyright fee: GBP18.67$c90\0$e01-jul-2015$fGBP18.67$g0$hP$5Uk
=ACF  \\$aPrevious copyright fee: GBP18.39$c90\0$e01-oct-2015$fGBP18.39$g0$hP$5Uk
=ACF  \\$aPrevious copyright fee: GBP19.66$c90\0$e01-apr-2016$fGBP19.66$g0$hP$5Uk
=ACF  \\$aPrevious copyright fee: GBP21.11$c90\0$e01-oct-2016$fGBP21.11$g0$hP$5Uk
=ACF  \\$aPrevious copyright fee: GBP22.80$c90\0$e01-apr-2017$fGBP22.80$g0$hP$5Uk
=ACF  \\$aPrevious copyright fee: GBP21.92$c90\0$e01-oct-2017$fGBP21.92$g0$hP$5Uk
=ACF  \\$aPrevious copyright fee: GBP20.36$c90\0$e01-apr-2018$fGBP20.36$g0$hP$5Uk
=ACF  \\$aPrevious copyright fee: GBP21.92$c90\0$e01-oct-2018$fGBP21.92$g0$hP$5Uk
=ACF  \\$aPrevious copyright fee: GBP22.80$c90\0$e01-oct-2019$fGBP22.80$g0$hP$5Uk
=ACF  \\$aPrevious copyright fee: GBP21.92$c90\0$e01-apr-2020$fGBP21.92$g0$hP$5Uk
=ACF  \\$aPrevious copyright fee: GBP22.80$c90\0$e01-jul-2020$fGBP22.80$g0$hP$5Uk
=ACF  \\$aPrevious copyright fee: GBP21.11$c90\0$e01-apr-2021$fGBP21.11$g0$hP$5Uk
=ACF  \\$aPrevious copyright fee: GBP20.36$c90\0$e07-jul-2021$fGBP20.36$g0$hP$5Uk
=LAS  \\$aIPL-CLA$b00$c20220930$lBLL01$h1428

