=LDR  02462 as a2200649 a 4500
=001  015621693
=003  Uk
=005  20150317132738.0
=006  m\\\\\|\\d\|\\\\\\
=007  cr\|||||||||||
=008  100806c20089999ne\tr\p\o\\\\\0\\\a0eng\\
=022  0\$a1874-8929$l1874-8910
=040  \\$aUk$beng$cUk$dUk
=082  04$a200.940905$223
=222  \0$aJournal of religion in Europe$b(Online)
=245  00$aJournal of religion in Europe.
=260  \\$aLeiden :$bBrill,$c2008-
=310  \\$a3 issues per year
=336  \\$atext$2rdacontent
=337  \\$acomputer$2rdamedia
=338  \\$aonline resource$2rdacarrier
=362  1\$aBegan with: vol. 1, no. 1 (2008).
=540  \\$aCurrent copyright fee: GBP22.00$c74\0$5Uk
=590  \\$aRoute failed DSC EXTENDED searches to Records Team
=650  \0$aReligions$xRelations$vPeriodicals.
=650  \0$aPluralism$xResearch$vPeriodicals.
=651  \0$aEurope$xReligion$vPeriodicals.
=776  08$iPrint version:$tJournal of religion in Europe$x1874-8929
=856  \\$31850-9999$uhttp://www.brill.com/$xBLDSS
=856  40$uhttp://www.brill.com/journal-religion-europe
=945  \\$aJournal of religion in Europe
=979  \\$aBritish Library$bDSC$j5049.352300N
=ACF  \\$aPrevious copyright fee: GBP10.50$c0$e01-jan-2011$fGBP10.50$g0$hA$5Uk
=ACF  \\$aPrevious copyright fee: GBP9.00$c0$e06-Aug-2010$fGBP9.00$g0$hA$5Uk
=CAT  \\$a7154$b40$c20100806$lBLL01$h1528
=CAT  \\$aBATCH-UPD$b40$c20101124$lBLL01$h1955
=CAT  \\$aBATCH-UPD$b40$c20101125$lBLL01$h1220
=CAT  \\$aIPL-CLA$c20101231$lBLL01$h1529
=CAT  \\$aWR11_203$c20111204$lBLL01$h1516
=CAT  \\$aIPL-CLA$c20111230$lBLL01$h2035
=CAT  \\$a8439$b40$c20121105$lBLL01$h0951
=CAT  \\$a8439$b40$c20121105$lBLL01$h0952
=CAT  \\$aBATCH-CLA$b00$c20121109$lBLL01$h1720
=CAT  \\$a8201$b40$c20140930$lBLL01$h1558
=CAT  \\$aBLDSS-3PM$b00$c20150131$lBLL01$h2314
=CAT  \\$a8874$b40$c20150317$lBLL01$h1327
=CAT  \\$aBATCH-UPD$b40$c20160413$lBLL01$h1825
=CAT  \\$aBATCH-UPD$b40$c20160524$lBLL01$h2301
=CAT  \\$aBATCH-UPD$b40$c20160525$lBLL01$h0654
=CFI  0\$aCurrent copyright fee: GBP22.00$c74\0$e05-nov-2012$fGBP22.00$g0$hP$5Uk
=CFI  2\$aPrevious copyright fee: GBP12.00$c0$e01-jan-2012$fGBP12.00$g0$hA$5Uk
=FFP  \\$aY$bBLDSS-3PM
=FMT  \\$a  SE
=LAS  \\$aBATCH-UPD$b40$c20160525$lBLL01$h0654
=TCO  \\$aZZZ$c008
=TOC  \\$aETOC
=UNO  \\$aY

