=LDR  04393cas a22009497a 4500
=001  015625959
=003  Uk
=005  20220930142816.0
=006  m\\\\\\\\d\|\\\\\\
=007  cr||||||||||||
=008  100812c20109999ii\qr\p\o\\\\\0\\\a0eng\\
=FMT  \\$a  SE
=022  0\$a2045-080X$202
=040  \\$aUk$beng$cUk
=042  \\$aissnuk
=222  \0$aArchives of pharmacy practice
=245  00$aArchives of pharmacy practice$h[electronic resource].
=260  \\$a[Great Britain] :$bArchives of Pharmacy Practice
=264  31$aMumbai :$bMedknow Publications and Media Pvt. Ltd.
=310  \\$aQuarterly,$b2011-
=321  \\$aSemiannual
=336  \\$atext$2rdacontent
=337  \\$acomputer$2rdamedia
=338  \\$aonline resource$2rdacarrier
=588  \\$aLatest issue consulted: volume 5, issue 2 (April/June 2014).
=540  \\$aCurrent copyright fee: GBP12.50$c111\0$5Uk
=776  08$iAlso issued in print as:$tArchives of pharmacy practice$x2320-5210
=856  \\$31850-9999$uhttp://www.medknow.com/$xBLDSS
=856  40$uhttp://www.archivepp.com/
=945  \\$aArchives of pharmacy practice.
=979  \\$aBritish Library$bDSC$j1638.980500N
=985  \\$aISSN UK: "University of Sheffield. School of Health and Related Research" deleted as 710 and removed from publisher details (Richard Brown (Leeds), 19/06/14).
=985  \\$aISSN UK: Awaiting ISSN responsibility transfer to India (see Richard) (24/06/14)
=CAT  \\$a11316$b40$c20100812$lBLL01$h1049
=CAT  \\$aBATCH-UPD$b00$c20160824$lBLL01$h1721
=CAT  \\$aIPL-CLA$c20160930$lBLL01$h1630
=CAT  \\$a5552$b40$c20161122$lBLL01$h1209
=CAT  \\$aBATCH-UPD$b40$c20170216$lBLL01$h1753
=CAT  \\$aIPL-CLA$c20170331$lBLL01$h1907
=CAT  \\$aBATCH-UPD$b00$c20170904$lBLL01$h1753
=CAT  \\$aIPL-CLA$c20170929$lBLL01$h1753
=CAT  \\$aBATCH-UPD$b00$c20180223$lBLL01$h1559
=CAT  \\$aIPL-CLA$c20180331$lBLL01$h1650
=CAT  \\$aBATCH-UPD$b00$c20180823$lBLL01$h1912
=CAT  \\$aIPL-CLA$c20180930$lBLL01$h1512
=CAT  \\$aBATCH-UPD$b00$c20190829$lBLL01$h1451
=CAT  \\$aIPL-CLA$c20190930$lBLL01$h1648
=CAT  \\$aBATCH-UPD$b00$c20200219$lBLL01$h1440
=CAT  \\$aIPL-CLA$c20200331$lBLL01$h1625
=CAT  \\$aBATCH-UPD$b00$c20200522$lBLL01$h1429
=CAT  \\$aIPL-CLA$c20200701$lBLL01$h0109
=CAT  \\$aBATCH-UPD$b00$c20210226$lBLL01$h1009
=CAT  \\$aIPL-CLA$c20210331$lBLL01$h1702
=CAT  \\$aBATCH-UPD$b00$c20210707$lBLL01$h1533
=CAT  \\$aIPL-CLA$c20210707$lBLL01$h1844
=CAT  \\$aBATCH-UPD$b00$c20220520$lBLL01$h1605
=CAT  \\$aIPL-CLA$c20220630$lBLL01$h1538
=CAT  \\$aBATCH-UPD$b00$c20220824$lBLL01$h0836
=CAT  \\$aIPL-CLA$c20220930$lBLL01$h1428
=CFI  0\$aCurrent copyright fee: GBP12.50$c111\0$e01-oct-2022$fGBP12.50$g0$hP$5Uk
=CFI  2\$aPrevious copyright fee: GBP12.00$c111\0$e01-jul-2022$fGBP12.00$g0$hP$5Uk
=FFP  \\$aY$bBLDSS-3PM
=FIN  \\$aY$d20101029
=TCO  \\$aCLA$bCLA$c008
=TOC  \\$aETOC
=UNO  \\$aY
=ACF  \\$aPrevious Copyright Fee: GBP12.30$c0$e01-apr-2015$fGBP12.30$g0$hC$5Uk
=ACF  \\$aPrevious copyright fee: GBP9.68$c111\0$e08-may-2015$fGBP9.68$g0$hP$5Uk
=ACF  \\$aPrevious copyright fee: GBP10.00$c111\0$e01-jul-2015$fGBP10.00$g0$hP$5Uk
=ACF  \\$aPrevious copyright fee: GBP9.68$c111\0$e01-oct-2015$fGBP9.68$g0$hP$5Uk
=ACF  \\$aPrevious copyright fee: GBP10.34$c111\0$e01-apr-2016$fGBP10.34$g0$hP$5Uk
=ACF  \\$aPrevious copyright fee: GBP11.11$c111\0$e01-oct-2016$fGBP11.11$g0$hP$5Uk
=ACF  \\$aPrevious copyright fee: GBP12.00$c111\0$e01-apr-2017$fGBP12.00$g0$hP$5Uk
=ACF  \\$aPrevious copyright fee: GBP11.54$c111\0$e01-oct-2017$fGBP11.54$g0$hP$5Uk
=ACF  \\$aPrevious copyright fee: GBP10.71$c111\0$e01-apr-2018$fGBP10.71$g0$hP$5Uk
=ACF  \\$aPrevious copyright fee: GBP11.54$c111\0$e01-oct-2018$fGBP11.54$g0$hP$5Uk
=ACF  \\$aPrevious copyright fee: GBP12.00$c111\0$e01-oct-2019$fGBP12.00$g0$hP$5Uk
=ACF  \\$aPrevious copyright fee: GBP11.54$c111\0$e01-apr-2020$fGBP11.54$g0$hP$5Uk
=ACF  \\$aPrevious copyright fee: GBP12.00$c111\0$e01-jul-2020$fGBP12.00$g0$hP$5Uk
=ACF  \\$aPrevious copyright fee: GBP11.11$c111\0$e01-apr-2021$fGBP11.11$g0$hP$5Uk
=ACF  \\$aPrevious copyright fee: GBP10.71$c111\0$e07-jul-2021$fGBP10.71$g0$hP$5Uk
=LAS  \\$aIPL-CLA$b00$c20220930$lBLL01$h1428

