=LDR  01713 as a22005057i 4500
=001  015689120
=003  Uk
=005  20170228114254.0
=006  m\\\\\\\\d\|\\\\\\
=007  cr||||||||||||
=008  101108c20109999enkqr\p\s\\\\\0\\\a0eng\\
=022  0\$a2045-8673$202
=040  \\$aUk$beng$cUk$erda
=042  \\$aissnuk
=222  \0$aTETRA today$b(Online)
=245  00$aTETRA today.
=246  3\$aTerrestrial trunked radio today
=264  \1$aSalisbury :$bMA Business & Leisure Ltd
=310  \\$aQuarterly
=336  \\$atext$2rdacontent
=337  \\$acomputer$2rdamedia
=338  \\$aonline resource$2rdacarrier
=540  \\$aCurrent Copyright Fee: GBP20.00$c97\0$5Uk
=776  08$iAlso issued in print as:$tTETRA today$x2045-8665
=856  \\$31850-9999$uhttp://www.markallengroup.com/ma-healthcare/$xBLDSS
=856  40$uhttp://www.tetratoday.com
=945  \\$aTETRA today.
=979  \\$aBritish Library$bDSC$j8796.830000N
=985  \\$aISSN description based on: print out of issue 1 (November 2010/February 2011).
=CAT  \\$a10806$b40$c20101108$lBLL01$h1548
=CAT  \\$a11316$b40$c20110330$lBLL01$h1231
=CAT  \\$aISSN$b40$c20110511$lBLL01$h1420
=CAT  \\$a10973$b40$c20150205$lBLL01$h0829
=CAT  \\$a5552$b40$c20170220$lBLL01$h1523
=CAT  \\$aBLDSS-3PM$b00$c20170227$lBLL01$h1453
=CAT  \\$aBATCH-UPD$b00$c20170227$lBLL01$h1454
=CAT  \\$a11313$b40$c20170228$lBLL01$h1142
=CFI  0\$aCurrent copyright fee: GBP20.00$c97\0$e20-feb-2017$fGBP20.00$g0$hP$5Uk
=FFP  \\$aY$bBLDSS-3PM
=FIN  \\$aY$d20150205
=FMT  \\$a  SE
=LAS  \\$a11313$b40$c20170228$lBLL01$h1142
=LET  \0$aTETRA today (Online)
=TCO  \\$aCLA$bCLA$c008
=UNO  \\$aY

