=LDR  01840 as a22004817a 4500
=001  015711929
=003  Uk
=005  20161020105614.0
=006  m\\\\\\\\d\|\\\\\\
=007  cr||||||||||||
=008  101208c20129999enkqr\p\s\\\\\0\\\a0eng\\
=022  0\$a2046-0449$202
=040  \\$aUk$beng$cUk$dUk
=042  \\$aissnuk
=082  04$a629.04$223
=222  \0$aInternational journal of transportation science and technology$b(Online)
=245  00$aInternational journal of transportation science and technology$h[electronic resource].
=260  \\$aBrentwood :$bMulti-Science Publishing
=310  \\$aQuarterly
=336  \\$atext$2rdacontent
=337  \\$acomputer$2rdamedia
=338  \\$aonline resource$2rdacarrier
=540  \\$aCurrent copyright fee: zero$c5\1$5Uk
=776  0\$tInternational journal of transportation science and technology$x2046-0430
=856  \\$31850-9999$uhttp://www.sciencedirect.com/$xBLDSS
=856  4\$uhttp://www.multi-science.co.uk/ijtst.htm
=945  \\$aInternational journal of transportation science and technology.
=979  \\$aBritish Library$bDSC$j4542.696030N
=985  \\$aISSN title from home page (viewed Sept. 13, 2012).
=CAT  \\$a11313$b40$c20101208$lBLL01$h0902
=CAT  \\$a11205$b40$c20120913$lBLL01$h1750
=CAT  \\$a11205$b40$c20120914$lBLL01$h1001
=CAT  \\$a8124$b40$c20121016$lBLL01$h0731
=CAT  \\$a5552$b40$c20161020$lBLL01$h1056
=CAT  \\$aBLDSS-3PM$b00$c20161102$lBLL01$h1054
=CAT  \\$aBATCH-UPD$b00$c20161102$lBLL01$h1055
=CFI  0\$aCurrent copyright fee: zero$c5\1$e20-oct-2016$fGBP0.00$g0$hP$5Uk
=FFP  \\$aY$bBLDSS-3PM
=FIN  \\$aY$d20120913
=FMT  \\$a  SE
=LAS  \\$aBATCH-UPD$b00$c20161102$lBLL01$h1055
=LET  \0$aInternational journal of transportation science and technology (Online)
=TCO  \\$aCLA$bCLA$c008

