=LDR  02232 as a22006017a 4500
=001  015738289
=003  Uk
=005  20170321154447.0
=006  m\\\\\\\\d\|\\\\\\
=007  cr||||||||||||
=008  110125c20119999enkmx\p\s\\\\\0\\\a0eng\\
=022  0\$a2046-2344$202
=040  \\$aUk$beng$cUk
=042  \\$aissnuk
=082  04$a618.920023105
=222  \0$aNursing children and young people$b(Online)
=245  00$aNursing children and young people$h[electronic resource].
=260  \\$aHarrow-on-the-Hill :$bRCN Publishing
=310  \\$aTen issues yearly
=336  \\$atext$2rdacontent
=337  \\$acomputer$2rdamedia
=338  \\$aonline resource$2rdacarrier
=540  \\$aCurrent copyright fee: GBP25.00$c75\0$5Uk
=776  0\$tNursing children and young people$x2046-2336
=856  \\$31850-9999$uhttp://rcnpublishing.com/$xBLDSS
=856  4\$uhttp://nursingchildrenandyoungpeople.rcnpublishing.co.uk/
=945  \\$aNursing children and young people.
=979  \\$aBritish Library$cDSC$j6187.039655
=985  \\$aISSN title from home page (viewed 7 Apr. 2011).
=ACF  \\$aPrevious copyright fee: GBP15.00$c75\0$e31-oct-2012$fGBP15.00$g0$hP$5Uk
=CAT  \\$a11316$b40$c20110125$lBLL01$h1251
=CAT  \\$a11205$b40$c20110408$lBLL01$h1527
=CAT  \\$a11205$b40$c20110408$lBLL01$h1544
=CAT  \\$a5552$b40$c20121031$lBLL01$h1036
=CAT  \\$aBATCH-UPD$b40$c20131119$lBLL01$h2304
=CAT  \\$aIPL-CLA$c20140101$lBLL01$h0141
=CAT  \\$a5552$b40$c20140708$lBLL01$h0917
=CAT  \\$aIPL-CLA$c20140930$lBLL01$h1637
=CAT  \\$aBLDSS-3PM$b00$c20150131$lBLL01$h2314
=CAT  \\$aBATCH-UPD$b00$c20160413$lBLL01$h1825
=CAT  \\$aBATCH-UPD$b00$c20160524$lBLL01$h2301
=CAT  \\$aBATCH-UPD$b00$c20160525$lBLL01$h0654
=CAT  \\$a5552$b40$c20170321$lBLL01$h1544
=CFI  0\$aCurrent copyright fee: GBP25.00$c75\0$e01-oct-2014$fGBP25.00$g0$hP$5Uk
=CFI  2\$aPrevious copyright fee: GBP20.00$c75\0$e01-jan-2014$fGBP20.00$g0$hP$5Uk
=FFP  \\$aY$bBLDSS-3PM
=FIN  \\$aY$d20110408
=FMT  \\$a  SE
=LAS  \\$a5552$b40$c20170321$lBLL01$h1544
=LET  \0$aNursing children and young people (Online)
=TCO  \\$aCLA$bCLA$c008
=TOC  \\$aETOC
=UNO  \\$aY

