=LDR  02682 as a2200685 a 4500
=001  015801246
=003  Uk
=005  20150317132932.0
=006  m\\\\\o\\d\\\\\\\\
=007  cr\|||||||||||
=008  100506c20099999ne\fr\p\o\\\\\0\\\a0eng\c
=010  \\$a  2010242275
=022  0\$a1877-3109$y1877-3095
=035  \\$a(OCoLC)611945828
=040  \\$aMYG$beng$cMYG$dOCLCQ$dOCLCF$dUk
=042  \\$aukblsr
=050  \4$aP99.4$b.P72
=082  04$a401.45$223
=222  \0$aInternational review of pragmatics$b(Online)
=245  00$aInternational review of pragmatics$h[electronic resource].
=260  \\$aLeiden, Netherlands :$bBrill
=310  \\$aSemiannual
=336  \\$atext$2rdacontent
=337  \\$acomputer$2rdamedia
=338  \\$aonline resource$2rdacarrier
=362  1\$aBegan with: Vol. 1, no. 1 (2009).
=540  \\$aCurrent copyright fee: GBP22.00$c74\0$5Uk
=588  \\$aDescription based on: Vol. 1, no. 1 (2009); title from journal content's page (IngentaConnect, viewed May 6, 2010).
=588  \\$aLatest issue consulted: Vol. 2, no. 1 (2010) (IngentaConnect, viewed May 6, 2010).
=590  \\$aRoute ALL FAILED DSC requests to Records Team
=650  \0$aLinguistics$vPeriodicals.
=650  \0$aPragmatics$vPeriodicals.
=650  \0$aSemantics (Philosophy)$vPeriodicals.
=776  08$iAlso issued in print as:$tInternational review of pragmatics$x1877-3095
=856  \\$31850-9999$uhttp://www.brill.com/$xBLDSS
=856  40$uhttp://openurl.ingenta.com/content?genre=journal&issn=1877-3095
=856  40$uhttp://www.brill.com/international-review-pragmatics
=945  \\$aInternational Review of Pragmatics
=979  \\$aBritish Library$bDSC$j4547.500050N
=ACF  \\$aPrevious copyright fee: GBP10.50$c0$e05-may-2011$fGBP10.50$g0$hA$5Uk
=CAT  \\$a5763$b40$c20110505$lBLL01$h1604
=CAT  \\$aWR11_203$c20111204$lBLL01$h1516
=CAT  \\$aIPL-CLA$c20111230$lBLL01$h2036
=CAT  \\$a8439$b40$c20121102$lBLL01$h1409
=CAT  \\$aBATCH-CLA$b00$c20121109$lBLL01$h1720
=CAT  \\$a8201$b40$c20140930$lBLL01$h1649
=CAT  \\$aBLDSS-3PM$b00$c20150131$lBLL01$h2314
=CAT  \\$a8874$b40$c20150317$lBLL01$h1329
=CAT  \\$aBATCH-UPD$b40$c20160413$lBLL01$h1825
=CAT  \\$aBATCH-UPD$b40$c20160524$lBLL01$h2301
=CAT  \\$aBATCH-UPD$b40$c20160525$lBLL01$h0654
=CFI  0\$aCurrent copyright fee: GBP22.00$c74\0$e02-nov-2012$fGBP22.00$g0$hP$5Uk
=CFI  2\$aPrevious copyright fee: GBP12.00$c0$e01-jan-2012$fGBP12.00$g0$hA$5Uk
=FFP  \\$aY$bBLDSS-3PM
=FMT  \\$a  SE
=LAS  \\$aBATCH-UPD$b40$c20160525$lBLL01$h0654
=SID  \\$aZ39$bOCLC
=TCO  \\$aZZZ$c008
=TOC  \\$aETOC
=UNO  \\$aY

