=LDR  02609 as a22006377a 4500
=001  015843392
=003  Uk
=005  20180529091609.0
=006  m\\\\\\\\d\|\\\\\\
=007  cr||||||||||||
=008  110707d20002004enkqr\p\s\\\\\0\\\a0eng\\
=022  0\$a2047-6086$202
=040  \\$aUk$beng$cUk
=042  \\$aissnuk
=210  0\$aInt. j. comput. sci. eng.$b(Online)
=222  \0$aInternational journal of computational engineering science$b(Online)
=245  00$aInternational journal of computational engineering science$h[electronic resource].
=246  30$aComputational engineering science
=246  13$aIJCES
=260  \\$aLondon :$bImperial College Press
=310  \\$aQuarterly
=336  \\$atext$2rdacontent
=337  \\$acomputer$2rdamedia
=338  \\$aonline resource$2rdacarrier
=540  \\$aCurrent copyright fee: GBP35.00$c28\0$5Uk
=776  0\$tInternational journal of computational engineering science$x1465-8763
=785  00$tInternational journal for computational methods in engineering science and mechanics (Online)$x1550-2295
=856  \\$31850-9999$uhttp://www.tandfonline.com/$xBLDSS
=856  40$uhttp://www.worldscinet.com/ijces/mkt/archive.shtml
=945  \\$aInternational journal of computational engineering science.
=979  \\$aBritish Library$bDSC$j4542.173702
=ACF  \\$aPrevious copyright fee: GBP31.00$c2\0$e01-apr-2016$fGBP31.00$g0$hP$5Uk
=ACF  \\$aPrevious copyright fee: GBP35.00$c2\0$e01-jan-2018$fGBP35.00$g0$hP$5Uk
=ACF  \\$aPrevious copyright fee: GBP33.00$c2\0$e01-jan-2017$fGBP33.00$g0$hP$5Uk
=CAT  \\$a11316$b40$c20110707$lBLL01$h1158
=CAT  \\$a5552$b40$c20160302$lBLL01$h1215
=CAT  \\$a5552$b40$c20160302$lBLL01$h1234
=CAT  \\$aIPL-CLA$c20160331$lBLL01$h1805
=CAT  \\$aBLDSS-3PM$b00$c20160404$lBLL01$h1601
=CAT  \\$aBATCH-UPD$b00$c20160413$lBLL01$h1825
=CAT  \\$aBATCH-UPD$b00$c20161122$lBLL01$h1506
=CAT  \\$aBATCH-UPD$b00$c20161122$lBLL01$h1542
=CAT  \\$aIPL-CLA$c20161230$lBLL01$h2355
=CAT  \\$a5552$b40$c20170509$lBLL01$h1127
=CAT  \\$aBATCH-UPD$b40$c20171121$lBLL01$h1656
=CAT  \\$aIPL-CLA$c20171231$lBLL01$h1808
=CAT  \\$a5552$b40$c20180529$lBLL01$h0916
=CAT  \\$aIPL-CLA$c20180630$lBLL01$h1934
=CFI  0\$aCurrent copyright fee: GBP35.00$c28\0$e01-jul-2018$fGBP35.00$g0$hP$5Uk
=CFI  2\$aPrevious copyright fee: GBP30.00$c28\0$e29-may-2018$fGBP30.00$g0$hP$5Uk
=FFP  \\$aY$bBLDSS-3PM
=FIN  \\$aY$d20110707
=FMT  \\$a  SE
=LAS  \\$aIPL-CLA$b00$c20180630$lBLL01$h1934
=TCO  \\$aCLA$bCLA$c008
=TOC  \\$aETOC

