=LDR  02874 as a22006857i 4500
=001  015844797
=003  Uk
=005  20170519152344.0
=006  m\\\\\\\\d\|\\\\\\
=007  cr||||||||||||
=008  110711c20129999enkqr\p\o\\\\\0\\\a0eng\\
=022  0\$a2047-685X$202
=040  \\$aUk$beng$cUk$erda
=042  \\$aissnuk
=082  04$a620.11
=210  0\$aInt. j. comput. mater. sci. eng.$b(Online)
=222  \0$aInternational journal of computational materials science and engineering$b(Online)
=245  00$aInternational journal of computational materials science and engineering.
=246  3\$aIJCMSE
=264  \1$aLondon :$bImperial College Press
=310  \\$aQuarterly
=336  \\$atext$2rdacontent
=337  \\$acomputer$2rdamedia
=338  \\$aonline resource$2rdacarrier
=540  \\$aCurrent copyright fee: GBP35.00$c28\0$5Uk
=776  08$iAlso issued in print as:$tInternational journal of computational materials science and engineering$x2047-6841
=856  \\$31850-9999$uhttp://www.worldscientific.com/$xBLDSS
=856  40$uhttp://www.worldscientific.com/worldscinet/ijcmse
=945  \\$aInternational journal of computational materials science and engineering.
=979  \\$aBritish Library$bDSC$j4542.173765N
=985  \\$aISSN description based on: journal homepage, viewed 27/06/13
=985  \\$aISSN RDA COMPLETION - TO BE CATALOGUED BY RDA TRAINED CATALOGUERS.
=ACF  \\$aPrevious Copyright Fee: GBP18.18$c0$e01-jul-2014$fGBP18.18$g0$hC$5Uk
=ACF  \\$aPrevious copyright fee: GBP20.00$c28\0$e06-nov-2014$fGBP20.00$g0$hP$5Uk
=ACF  \\$aPrevious copyright fee: GBP25.00$c28\0$e01-oct-2016$fGBP25.00$g0$hP$5Uk
=CAT  \\$a11313$b40$c20110711$lBLL01$h1116
=CAT  \\$a10806$b40$c20130627$lBLL01$h1324
=CAT  \\$aBATCH-CLA$b00$c20140530$lBLL01$h1707
=CAT  \\$aIPL-CLA$c20140630$lBLL01$h1753
=CAT  \\$a8055$b40$c20141106$lBLL01$h1110
=CAT  \\$aBLDSS-3PM$b00$c20141208$lBLL01$h1628
=CAT  \\$aBATCH-UPD$b00$c20160413$lBLL01$h1825
=CAT  \\$a5552$b40$c20160720$lBLL01$h1209
=CAT  \\$aIPL-CLA$c20160930$lBLL01$h1633
=CAT  \\$aBATCH-UPD$b00$c20170315$lBLL01$h1206
=CAT  \\$aIPL-CLA$c20170315$lBLL01$h1248
=CAT  \\$a5552$b40$c20170509$lBLL01$h1124
=CAT  \\$a5410$b40$c20170519$lBLL01$h1523
=CAT  \\$aBATCH-UPD$b40$c20180524$lBLL01$h1737
=CAT  \\$aIPL-CLA$c20180630$lBLL01$h1934
=CFI  0\$aCurrent copyright fee: GBP35.00$c28\0$e01-jul-2018$fGBP35.00$g0$hP$5Uk
=CFI  2\$aPrevious copyright fee: GBP30.00$c28\0$e15-mar-2017$fGBP30.00$g0$hP$5Uk
=FFP  \\$aY$bBLDSS-3PM
=FIN  \\$aY$d20130627
=FMT  \\$a  SE
=LAS  \\$aIPL-CLA$b00$c20180630$lBLL01$h1934
=LET  \0$aInternational journal of computational materials science and engineering (Electronic)
=MNI  \\$a2047-6841
=TCO  \\$aCLA$bCLA$c008
=TOC  \\$aETOC

