=LDR  03601cas a22008417a 4500
=001  015848352
=003  Uk
=005  20220930142826.0
=006  m\\\\\\\\d\|\\\\\\
=007  cr||||||||||||
=008  110714d20002007enkqr\p\s\\\\\0\\\a0eng\\
=FMT  \\$a  SE
=022  0\$a2047-6515$202
=040  \\$aUk$beng$cUk
=042  \\$aissnuk
=210  0\$aAvian poult. biol. rev.$b(Online)
=222  \0$aAvian and poultry biology reviews$b(Online)
=245  00$aAvian and poultry biology reviews$h[electronic resource].
=260  \\$aSt Albans :$bScience Reviews 2000
=310  \\$aQuarterly
=336  \\$atext$2rdacontent
=337  \\$acomputer$2rdamedia
=338  \\$aonline resource$2rdacarrier
=540  \\$aCurrent copyright fee: GBP36.32$c19\0$5Uk
=776  0\$tAvian and poultry biology reviews$x1470-2061
=780  10$tPoultry and avian biology reviews
=785  00$tAvian biology research$c(Online)$x1758-1567
=856  \\$31850-9999$uhttp://www.sciencereviews2000.co.uk/$xBLDSS
=856  40$uhttp://stl.publisher.ingentaconnect.com/content/stl/apbr
=945  \\$aAvian and poultry biology reviews.
=979  \\$aBritish Library$bDSC$j1837.884000
=985  \\$aISSN description based on: Vol. 12, no. 3 (Aug. 2001); title from issues page (publisher's Web site, viewed July 14, 2011).
=CAT  \\$a11316$b40$c20110714$lBLL01$h1058
=CAT  \\$a11316$b40$c20110714$lBLL01$h1113
=CAT  \\$a5552$b40$c20120928$lBLL01$h1234
=CAT  \\$aBLDSS-3PM$b00$c20150131$lBLL01$h2314
=CAT  \\$aBATCH-UPD$b00$c20160413$lBLL01$h1825
=CAT  \\$aBATCH-UPD$b00$c20160524$lBLL01$h2301
=CAT  \\$aBATCH-UPD$b00$c20160525$lBLL01$h0654
=CAT  \\$a5552$b40$c20161201$lBLL01$h1406
=CAT  \\$a5552$b40$c20190107$lBLL01$h1238
=CAT  \\$aBATCH-UPD$b40$c20190521$lBLL01$h1412
=CAT  \\$aIPL-CLA$c20190630$lBLL01$h1545
=CAT  \\$aBATCH-UPD$b00$c20190829$lBLL01$h1529
=CAT  \\$aIPL-CLA$c20190930$lBLL01$h1650
=CAT  \\$aBATCH-UPD$b00$c20200219$lBLL01$h1516
=CAT  \\$aIPL-CLA$c20200331$lBLL01$h1627
=CAT  \\$aBATCH-UPD$b00$c20200522$lBLL01$h1459
=CAT  \\$aIPL-CLA$c20200701$lBLL01$h0111
=CAT  \\$aBATCH-UPD$b00$c20210226$lBLL01$h1038
=CAT  \\$aIPL-CLA$c20210331$lBLL01$h1702
=CAT  \\$aBATCH-UPD$b00$c20210707$lBLL01$h1603
=CAT  \\$aIPL-CLA$c20210707$lBLL01$h1844
=CAT  \\$aBATCH-UPD$b00$c20220520$lBLL01$h1634
=CAT  \\$aIPL-CLA$c20220630$lBLL01$h1539
=CAT  \\$aBATCH-UPD$b00$c20220824$lBLL01$h0901
=CAT  \\$aIPL-CLA$c20220930$lBLL01$h1428
=CFI  0\$aCurrent copyright fee: GBP36.32$c19\0$e01-oct-2022$fGBP36.32$g0$hP$5Uk
=CFI  2\$aPrevious copyright fee: GBP34.86$c19\0$e01-jul-2022$fGBP34.86$g0$hP$5Uk
=FFP  \\$aY$bBLDSS-3PM
=FIN  \\$aY$d20110714
=TCO  \\$aCLA$bCLA$c008
=TOC  \\$aETOC
=UNO  \\$aY
=ACF  \\$aPrevious copyright fee: GBP12.00$c73\0$e28-sep-2012$fGBP12.00$g0$hP$5Uk
=ACF  \\$aPrevious copyright fee: GBP30.77$c19\0$e07-jan-2019$fGBP30.77$g0$hP$5Uk
=ACF  \\$aPrevious copyright fee: GBP32.31$c19\0$e01-jul-2019$fGBP32.31$g0$hP$5Uk
=ACF  \\$aPrevious copyright fee: GBP33.60$c19\0$e01-oct-2019$fGBP33.60$g0$hP$5Uk
=ACF  \\$aPrevious copyright fee: GBP33.52$c19\0$e01-apr-2020$fGBP33.52$g0$hP$5Uk
=ACF  \\$aPrevious copyright fee: GBP34.86$c19\0$e01-jul-2020$fGBP34.86$g0$hP$5Uk
=ACF  \\$aPrevious copyright fee: GBP32.28$c19\0$e01-apr-2021$fGBP32.28$g0$hP$5Uk
=ACF  \\$aPrevious copyright fee: GBP31.13$c19\0$e07-jul-2021$fGBP31.13$g0$hP$5Uk
=LAS  \\$aIPL-CLA$b00$c20220930$lBLL01$h1428

