=LDR  03190 as a2200745 a 4500
=001  015848437
=003  Uk
=005  20150317132956.0
=006  m\\\\\o\\d\\\\\\\\
=007  cr\|||||||||||
=008  110131c20109999ne\fr\p\o\\\\\0\\\a0eng\c
=010  \\$a  2012242030
=022  \\$a1878-1527$y1878-1373
=035  \\$a(OCoLC)ocn701804625
=040  \\$aCNCGM$beng$cCNCGM$dOCoLC$dDLC$dCaBViV$dAUD$dMCM$dOCoLC$dUk
=042  \\$aukblsr
=050  00$aKZ6442$b.J68
=082  04$a341.67$223
=130  0\$aJournal of international humanitarian legal studies (Online)
=222  \0$aJournal of international humanitarian legal studies$b(Online)
=245  10$aJournal of international humanitarian legal studies$h[electronic resource].
=260  \\$aLeiden :$bMartinus Nijhoff,$c2010-
=260  \\$aLeiden ;$aBoston :$bMartinus Nijhoff
=310  \\$aSemiannual
=336  \\$atext$2rdacontent
=337  \\$acomputer$2rdamedia
=338  \\$aonline resource$2rdacarrier
=362  1\$aBegan with: Vol. 1, issue 1 (2010).
=540  \\$aCurrent copyright fee: GBP22.00$c74\0$5Uk
=588  \\$aDescription based on: Vol. 1, issue 1 (2010); title from journal home page (Brill Online, viewed May 31, 2012).
=588  \\$aLatest issue consulted: Vol. 2, issue 1 (2011), Brill Online, viewed May 31, 2012.
=590  \\$aRoute ALL FAILED DSC requests to Records Team
=650  \0$aHumanitarian law$vPeriodicals.
=650  \0$aHumanitarian assistance$xLaw and legislation$vPeriodicals.
=650  \0$aWar victims$xLegal status, laws, etc.$vPeriodicals.
=650  \0$aCombatants and noncombatants (International law)$vPeriodicals.
=650  \0$aDisaster relief$xLaw and legislation$vPeriodicals.
=650  \0$aNatural disasters$xLaw and legislation$vPeriodicals.
=776  08$iAlso issued in print:$tJournal of international humanitarian legal studies$x1878-1373
=856  \\$31850-9999$uhttp://www.brill.com/$xBLDSS
=856  40$uhttp://booksandjournals.brillonline.com/content/18781527
=856  40$uhttp://www.brill.com/journal-international-humanitarian-legal-studies
=945  \\$aJournal of international humanitarian legal studies
=979  \\$aBritish Library$bDSC$j5007.663200N
=ACF  \\$aPrevious copyright fee: GBP10.50$c0$e14-jul-2011$fGBP10.50$g0$hA$5Uk
=CAT  \\$a9729$b40$c20110714$lBLL01$h1138
=CAT  \\$aWR11_203$c20111204$lBLL01$h1516
=CAT  \\$aIPL-CLA$c20111230$lBLL01$h2037
=CAT  \\$a8439$b40$c20121105$lBLL01$h0914
=CAT  \\$aBATCH-CLA$b00$c20121109$lBLL01$h1720
=CAT  \\$a8201$b40$c20141001$lBLL01$h1125
=CAT  \\$aBLDSS-3PM$b00$c20150131$lBLL01$h2314
=CAT  \\$a8874$b40$c20150317$lBLL01$h1329
=CAT  \\$aBATCH-UPD$b40$c20160413$lBLL01$h1825
=CAT  \\$aBATCH-UPD$b40$c20160524$lBLL01$h2301
=CAT  \\$aBATCH-UPD$b40$c20160525$lBLL01$h0654
=CFI  0\$aCurrent copyright fee: GBP22.00$c74\0$e05-nov-2012$fGBP22.00$g0$hP$5Uk
=CFI  2\$aPrevious copyright fee: GBP12.00$c0$e01-jan-2012$fGBP12.00$g0$hA$5Uk
=FFP  \\$aY$bBLDSS-3PM
=FMT  \\$a  SE
=LAS  \\$aBATCH-UPD$b40$c20160525$lBLL01$h0654
=SID  \\$aZ39$bLOC
=TCO  \\$aZZZ$c008
=TOC  \\$aETOC
=UNO  \\$aY

