=LDR  02107cas a2200589 a 4500
=001  015849217
=003  Uk
=005  20230511163029.0
=006  m\\\\\|\\d\|\\\\\\
=007  cr\|||||||||||
=008  110715c20109999ne\qr\p\o\\\\\0\\\a0eng\\
=FMT  \\$a  SE
=022  0\$a1876-2891$l1876-2883
=040  \\$aUk$beng$cUk$dUk
=082  04$a615.329$223
=222  \0$aBeneficial microbes$b(Online)
=245  00$aBeneficial microbes.
=260  \\$aWageningen :$bWageningen Academic Publishers,$c2010-
=310  \\$aQuarterly
=336  \\$atext$2rdacontent
=337  \\$acomputer$2rdamedia
=338  \\$aonline resource$2rdacarrier
=362  1\$aBegan with Vol. 1, no. 1 (2010).
=590  \\$aRoute ALL FAILED DSC requests to Records Team
=540  \\$aCurrent copyright fee: GBP25.00$c99\0$5Uk
=650  \0$aProbiotics.
=650  \0$aPrebiotics.
=776  08$iAlso issued in print as:$tBeneficial microbes$x1876-2883
=856  \\$31850-9999$uhttp://www.wageningenacademic.com/$xBLDSS
=856  40$uhttp://www.wageningenacademic.com/BM
=945  \\$aBeneficial microbes
=979  \\$aBritish Library$bDSC$j1891.436500N
=CAT  \\$a7154$b40$c20110715$lBLL01$h1710
=CAT  \\$aWR11_203$c20111204$lBLL01$h1516
=CAT  \\$aIPL-CLA$c20111230$lBLL01$h2037
=CAT  \\$a5552$b40$c20131206$lBLL01$h1222
=CAT  \\$a5552$b40$c20131206$lBLL01$h1341
=CAT  \\$a8201$b40$c20141014$lBLL01$h0933
=CAT  \\$aBLDSS-3PM$b00$c20150131$lBLL01$h2314
=CAT  \\$a8874$b40$c20150317$lBLL01$h1330
=CAT  \\$aBATCH-UPD$b40$c20160413$lBLL01$h1825
=CAT  \\$a5552$b40$c20180222$lBLL01$h1350
=CAT  \\$a5552$b40$c20180322$lBLL01$h1553
=CAT  \\$aBATCH-FIX$c20230511$lBLL01$h1630
=CFI  0\$aCurrent copyright fee: GBP25.00$c99\0$e06-dec-2013$fGBP25.00$g0$hP$5Uk
=CFI  2\$aPrevious copyright fee: GBP12.00$c0$e01-jan-2012$fGBP12.00$g0$hA$5Uk
=FFP  \\$aY$bBLDSS-3PM
=TCO  \\$aZZZ$c008
=TOC  \\$aETOC
=UNO  \\$aY
=ACF  \\$aPrevious copyright fee: GBP10.50$c0$e15-jul-2011$fGBP10.50$g0$hA$5Uk
=LAS  \\$aBATCH-FIX$b00$c20230511$lBLL01$h1630

