=LDR  04736cas a22009857a 4500
=001  015852757
=003  Uk
=005  20220930142827.0
=006  m\\\\\\\\d\|\\\\\\
=007  cr||||||||||||
=008  110720c19829999enk\x\\\s\\\\\0\\\a0eng\\
=FMT  \\$a  SE
=022  0\$a2047-721X$202
=040  \\$aUk$beng$cUk
=042  \\$aissnuk
=210  0\$aJ.R. Soc. Med., Suppl.$b(Online)
=222  \0$aJournal of the Royal Society of Medicine. Supplement$b(Online)
=245  00$aJournal of the Royal Society of Medicine.$pSupplement$h[electronic resource].
=260  \\$aLondon :$bRoyal Society of Medicine Press
=310  \\$aIrregular
=336  \\$atext$2rdacontent
=337  \\$acomputer$2rdamedia
=338  \\$aonline resource$2rdacarrier
=540  \\$aCurrent copyright fee: GBP36.32$c19\0$5Uk
=710  2\$aRoyal Society of Medicine (Great Britain)
=776  0\$tJournal of the Royal Society of Medicine. Supplement$x0267-5331
=856  \\$31850-9999$uhttp://www.uk.sagepub.com/home.nav$xBLDSS
=856  40$uhttp://jrsm.rsmjournals.com/misc/slist.dtl
=945  \\$aJOURNAL- ROYAL SOCIETY OF MEDICINE -SUPPLEMENT-.
=979  \\$aBritish Library$bDSC$j4864.560000
=985  \\$aISSN description based on: 41 (June 2002); title from contents page (publisher's Web site, viewed July 20, 2011). Latest issue available: 48 (Dec. 2007).
=CAT  \\$a11316$b40$c20110720$lBLL01$h1455
=CAT  \\$aIPL-CLA$c20170331$lBLL01$h1911
=CAT  \\$a5552$b40$c20170404$lBLL01$h1036
=CAT  \\$aBATCH-UPD$b40$c20170904$lBLL01$h1834
=CAT  \\$aIPL-CLA$c20170929$lBLL01$h1757
=CAT  \\$aBATCH-UPD$b00$c20180223$lBLL01$h1651
=CAT  \\$a5552$b40$c20180305$lBLL01$h0943
=CAT  \\$aIPL-CLA$c20180331$lBLL01$h1655
=CAT  \\$aBATCH-UPD$b00$c20180823$lBLL01$h1929
=CAT  \\$aIPL-CLA$c20180930$lBLL01$h1513
=CAT  \\$aBATCH-UPD$b00$c20190521$lBLL01$h1412
=CAT  \\$aIPL-CLA$c20190630$lBLL01$h1545
=CAT  \\$aBATCH-UPD$b00$c20190829$lBLL01$h1529
=CAT  \\$aIPL-CLA$c20190930$lBLL01$h1650
=CAT  \\$aBATCH-UPD$b00$c20200219$lBLL01$h1516
=CAT  \\$aIPL-CLA$c20200331$lBLL01$h1627
=CAT  \\$aBATCH-UPD$b00$c20200522$lBLL01$h1459
=CAT  \\$aIPL-CLA$c20200701$lBLL01$h0111
=CAT  \\$aBATCH-UPD$b00$c20210226$lBLL01$h1038
=CAT  \\$aIPL-CLA$c20210331$lBLL01$h1702
=CAT  \\$aBATCH-UPD$b00$c20210707$lBLL01$h1603
=CAT  \\$aIPL-CLA$c20210707$lBLL01$h1844
=CAT  \\$aBATCH-UPD$b00$c20220520$lBLL01$h1634
=CAT  \\$aIPL-CLA$c20220630$lBLL01$h1539
=CAT  \\$aBATCH-UPD$b00$c20220824$lBLL01$h0901
=CAT  \\$aIPL-CLA$c20220930$lBLL01$h1428
=CFI  0\$aCurrent copyright fee: GBP36.32$c19\0$e01-oct-2022$fGBP36.32$g0$hP$5Uk
=CFI  2\$aPrevious copyright fee: GBP34.86$c19\0$e01-jul-2022$fGBP34.86$g0$hP$5Uk
=FFP  \\$aY$bBLDSS-3PM
=FIN  \\$aY$d20110720
=TCO  \\$aCLA$bCLA$c008
=TOC  \\$aETOC
=UNO  \\$aY
=ACF  \\$aPrevious copyright fee: GBP20.00$c19\0$e12-mar-2013$fGBP20.00$g0$hP$5Uk
=ACF  \\$aPrevious copyright fee: GBP20.64$c19\0$e01-jul-2013$fGBP20.64$g0$hP$5Uk
=ACF  \\$aPrevious copyright fee: GBP20.00$c19\0$e01-jan-2014$fGBP20.00$g0$hP$5Uk
=ACF  \\$aPrevious copyright fee: GBP19.39$c19\0$e01-jul-2014$fGBP19.39$g0$hP$5Uk
=ACF  \\$aPrevious copyright fee: GBP20.65$c19\0$e01-apr-2015$fGBP20.65$g0$hP$5Uk
=ACF  \\$aPrevious copyright fee: GBP21.33$c19\0$e01-jul-2015$fGBP21.33$g0$hP$5Uk
=ACF  \\$aPrevious copyright fee: GBP20.65$c19\0$e01-oct-2015$fGBP20.65$g0$hP$5Uk
=ACF  \\$aPrevious copyright fee: GBP24.83$c19\0$e01-apr-2016$fGBP24.83$g0$hP$5Uk
=ACF  \\$aPrevious copyright fee: GBP26.67$c19\0$e01-oct-2016$fGBP26.67$g0$hP$5Uk
=ACF  \\$aPrevious copyright fee: GBP27.69$c19\0$e01-oct-2017$fGBP27.69$g0$hP$5Uk
=ACF  \\$aPrevious copyright fee: GBP28.80$c19\0$e01-apr-2017$fGBP28.80$g0$hP$5Uk
=ACF  \\$aPrevious copyright fee: GBP30.77$c19\0$e05-mar-2018$fGBP30.77$g0$hP$5Uk
=ACF  \\$aPrevious copyright fee: GBP28.57$c19\0$e01-apr-2018$fGBP28.57$g0$hP$5Uk
=ACF  \\$aPrevious copyright fee: GBP30.77$c19\0$e01-oct-2018$fGBP30.77$g0$hP$5Uk
=ACF  \\$aPrevious copyright fee: GBP32.31$c19\0$e01-jul-2019$fGBP32.31$g0$hP$5Uk
=ACF  \\$aPrevious copyright fee: GBP33.60$c19\0$e01-oct-2019$fGBP33.60$g0$hP$5Uk
=ACF  \\$aPrevious copyright fee: GBP33.52$c19\0$e01-apr-2020$fGBP33.52$g0$hP$5Uk
=ACF  \\$aPrevious copyright fee: GBP34.86$c19\0$e01-jul-2020$fGBP34.86$g0$hP$5Uk
=ACF  \\$aPrevious copyright fee: GBP32.28$c19\0$e01-apr-2021$fGBP32.28$g0$hP$5Uk
=ACF  \\$aPrevious copyright fee: GBP31.13$c19\0$e07-jul-2021$fGBP31.13$g0$hP$5Uk
=LAS  \\$aIPL-CLA$b00$c20220930$lBLL01$h1428

