=LDR  03172cas a22007457a 4500
=001  015891485
=003  Uk
=005  20230930081008.0
=006  m\\\\\\\\d\|\\\\\\
=007  cr||||||||||||
=008  110914d19652002enkqx\p\s\\\\\0\\\a0eng\\
=FMT  \\$a  SE
=022  0\$a2048-2892$202
=040  \\$aUk$beng$cUk
=042  \\$aissnuk
=210  0\$aBr. corros. j.$b(Online)
=222  \0$aBritish corrosion journal$b(Online)
=245  00$aBritish corrosion journal$h[electronic resource].
=260  \\$aLeeds :$bManey on behalf of the Institute of Materials, Minerals and Mining
=310  \\$aFour issues yearly
=336  \\$atext$2rdacontent
=337  \\$acomputer$2rdamedia
=338  \\$aonline resource$2rdacarrier
=540  \\$aCurrent copyright fee: GBP43.00$c2\0$5Uk
=710  2\$aInstitute of Materials, Minerals, and Mining.
=776  0\$tBritish corrosion journal$x0007-0599
=785  00$tCorrosion engineering, science and technology (Online)$x1743-2782
=856  \\$31850-9999$uhttp://www.tandfonline.com/$xBLDSS
=856  40$uhttp://www.ingentaconnect.com/content/maney/bcj
=945  \\$aBRITISH CORROSION JOURNAL.
=979  \\$aBritish Library$bDSC$j2298.400000
=985  \\$aISSN description based on: Vol. 34, no. 1 (Jan. 1999); title from table of contents page (IngentaConnect, viewed Sept. 14, 2011).
=985  \\$aISSN Centre note: ISSN assigned for 3rd campaign - core resources.
=CAT  \\$a11316$b40$c20110914$lBLL01$h1251
=CAT  \\$aBATCH-TCO$c20120117$lBLL01$h0039
=CAT  \\$a11316$b40$c20121116$lBLL01$h1349
=CAT  \\$a5552$b40$c20160301$lBLL01$h0918
=CAT  \\$aIPL-CLA$c20160331$lBLL01$h1806
=CAT  \\$aBATCH-UPD$b00$c20160413$lBLL01$h1825
=CAT  \\$aBLDSS-3PM$b00$c20160418$lBLL01$h1327
=CAT  \\$aBATCH-UPD$b00$c20161122$lBLL01$h1546
=CAT  \\$aBATCH-UPD$b00$c20161122$lBLL01$h1824
=CAT  \\$a5552$b40$c20161208$lBLL01$h1137
=CAT  \\$aIPL-CLA$c20161230$lBLL01$h2357
=CAT  \\$a5552$b40$c20190115$lBLL01$h0814
=CAT  \\$aBATCH-UPD$b40$c20191122$lBLL01$h1917
=CAT  \\$aIPL-CLA$c20191231$lBLL01$h2029
=CAT  \\$aBATCH-UPD$b00$c20201118$lBLL01$h1351
=CAT  \\$aIPL-CLA$c20201231$lBLL01$h1532
=CAT  \\$aBATCH-UPD$b00$c20221121$lBLL01$h1426
=CAT  \\$aIPL-CLA$c20221231$lBLL01$h1451
=CAT  \\$aR2308-1440$c20230824$lBLL01$h0930
=CAT  \\$aIPL-CLA$c20230930$lBLL01$h0810
=CFI  0\$aCurrent copyright fee: GBP43.00$c2\0$e01-oct-2023$fGBP43.00$g0$hP$5Uk
=CFI  2\$aPrevious copyright fee: GBP43.00$c47\0$e01-jan-2023$fGBP43.00$g0$hP$5Uk
=FFP  \\$aY$bBLDSS-3PM
=FIN  \\$aY$d20110914
=TCO  \\$aCLA$bCLA$c008
=TOC  \\$aETOC
=ACF  \\$aPrevious copyright fee: GBP33.00$c47\0$e01-jan-2017$fGBP33.00$g0$hP$5Uk
=ACF  \\$aPrevious copyright fee: GBP31.00$c47\0$e01-apr-2016$fGBP31.00$g0$hP$5Uk
=ACF  \\$aPrevious copyright fee: GBP37.00$c47\0$e15-jan-2019$fGBP37.00$g0$hP$5Uk
=ACF  \\$aPrevious copyright fee: GBP39.00$c47\0$e01-jan-2020$fGBP39.00$g0$hP$5Uk
=ACF  \\$aPrevious copyright fee: GBP41.00$c47\0$e01-jan-2021$fGBP41.00$g0$hP$5Uk
=LAS  \\$aIPL-CLA$b00$c20230930$lBLL01$h0810

