=LDR  02204 as a2200577 i 4500
=001  016037137
=003  Uk
=005  20141002115756.0
=006  m\\\\\\\\d\|\\\\\\
=007  cr||||||||||||
=008  120224c20109999enkfr\p\o\\\\\0\\\a0eng\\
=FMT  \\$a  SE
=022  0\$a2049-8330$202
=040  \\$aUk$beng$cUk$dUk$erda
=042  \\$aissnuk
=082  04$a361.3$223
=210  0\$aJ. soc. policy soc. work transit.$b(Online)
=222  \0$aJournal of social policy and social work in transition$b(Online)
=245  00$aJournal of social policy and social work in transition.
=246  13$aSocial policy and social work in transition
=264  \1$aLondon :$bWhiting & Birch
=310  \\$aSemiannual
=336  \\$atext$2rdacontent
=337  \\$acomputer$2rdamedia
=338  \\$aonline resource$2rdacarrier
=540  \\$aCurrent Copyright Fee: GBP10.00$c79\0$5Uk
=650  \0$aSocial service$vPeriodicals.
=650  \0$aSocial policy$vPeriodicals.
=776  08$iAlso issued in print as:$tJournal of social policy and social work in transition$x1987-8710
=856  \\$31850-9999$uhttp://www.whitingbirch.net/$xBLDSS
=856  40$uhttp://essential.metapress.com/content/122776
=945  \\$aJournal of social policy and social work in transition
=979  \\$aBritish Library$bDSC$j5064.787000N
=985  \\$aISSN completion based on: volume 3, number 1 (2012) (viewed May 20, 2014)
=CAT  \\$a11313$b40$c20120224$lBLL01$h0803
=CAT  \\$a5552$b40$c20121204$lBLL01$h0940
=CAT  \\$a5552$b40$c20121204$lBLL01$h1047
=CAT  \\$aWR13.005$c20130323$lBLL01$h1511
=CAT  \\$a10806$b40$c20140520$lBLL01$h0818
=CAT  \\$a10806$b40$c20140520$lBLL01$h0847
=CAT  \\$a8201$b40$c20141002$lBLL01$h1157
=CAT  \\$aBLDSS-3PM$b00$c20150131$lBLL01$h2314
=CAT  \\$aBATCH-UPD$b00$c20151115$lBLL01$h1634
=CAT  \\$aBATCH-UPD$b00$c20160413$lBLL01$h1826
=CFI  0\$aCurrent copyright fee: GBP10.00$c79\0$e04-dec-2012$fGBP10.00$g0$hP$5Uk
=FFP  \\$aY$bBLDSS-3PM
=FIN  \\$aY$d20140520
=LET  \0$aJournal of social policy and social work in transition (Electronic)
=TOC  \\$aETOC
=UNO  \\$aY
=LAS  \\$aBATCH-UPD$b00$c20160413$lBLL01$h1826

