=LDR  01865 as a2200469 i 4500
=001  016046131
=003  Uk
=005  20200331162809.0
=006  m\\\\||\\d\|\\\\\\
=007  cr\|||||||||||
=008  081219c20109999enkbr\p\o\\\\\0\\\a0eng\\
=FMT  \\$a  SE
=022  \\$y2153-1951
=040  \\$aUk$beng$cUk$dUk
=082  04$a617.7$223
=245  00$aPremier surgeon :$benhancing your practice of ophthalmology.
=264  \1$aThorofare, NJ :$bSlack, Inc.
=310  \\$aBimonthly
=336  \\$atext$2rdacontent
=337  \\$acomputer$2rdamedia
=338  \\$aonline resource$2rdacarrier
=500  \\$aElectronic Format: Route ALL FAILED DSC requests to Records Team
=506  \\$aAvailable only to Remote Supply Service
=540  \\$aCurrent copyright fee: GBP38.00$c58\0$5Uk
=650  \0$aOphthalmology$vPeriodicals.
=776  08$iAlso issued in print as:$tPremier surgeon$x2153-1951
=856  \\$31850-9999$uhttp://www.slackinc.com/$xBLDSS
=856  40$uhttp://www.premiersurgeon.com
=945  \\$aPremier surgeon (Online)
=979  \\$aBritish Library$bDSC$j6607.641140N
=985  \\$aRecord created for the Remote Supply Service to enable document supply from content licenced for copyright fee paid requests only. This content is not ingested by the BL.
=CAT  \\$a5552$b40$c20120307$lBLL01$h1437
=CAT  \\$a8201$b40$c20140918$lBLL01$h0957
=CAT  \\$aBLDSS-3PM$b00$c20150131$lBLL01$h2314
=CAT  \\$aBATCH-UPD$b00$c20160413$lBLL01$h1826
=CAT  \\$a5410$b40$c20170116$lBLL01$h1145
=CAT  \\$aBATCH-UPD$b40$c20200219$lBLL01$h1606
=CAT  \\$aIPL-CLA$c20200331$lBLL01$h1628
=CFI  0\$aCurrent copyright fee: GBP38.00$c58\0$e01-apr-2020$fGBP38.00$g0$hP$5Uk
=CFI  2\$aPrevious copyright fee: GBP31.00$c58\0$e07-mar-2012$fGBP31.00$g0$hP$5Uk
=FFP  \\$aY$bBLDSS-3PM
=LAS  \\$aIPL-CLA$b00$c20200331$lBLL01$h1628

