=LDR  02156 as a22005897i 4500
=001  016051200
=003  Uk
=005  20170410104820.0
=006  m\\\\\\\\d\|\\\\\\
=007  cr||||||||||||
=008  120315c20139999enkbr\p\o\\\\\0\\\a0eng\\
=FMT  \\$a  SE
=022  0\$a2049-9469$202
=040  \\$aUk$beng$cUk$erda
=042  \\$aissnuk
=210  0\$aMol. clin. oncol.$b(Online)
=222  \0$aMolecular and clinical oncology$b(Online)
=245  00$aMolecular and clinical oncology.
=264  \1$aLondon :$bSpandidos Publications UK Ltd
=310  \\$aBimonthly
=336  \\$atext$2rdacontent
=337  \\$acomputer$2rdamedia
=338  \\$aonline resource$2rdacarrier
=540  \\$aCurrent Copyright Fee: GBP25.00$c81\0$5Uk
=776  08$iAlso issued in print as:$tMolecular and clinical oncology$x2049-9450
=856  \\$31850-9999$uhttp://www.spandidos-publications.com/$xBLDSS
=856  40$uhttp://www.spandidos-publications.com/mco/
=945  \\$aMolecular and clinical oncology.
=979  \\$aBritish Library$bDSC$j5900.762150N
=985  \\$aISSN description based on: journal homepage, viewed 22/02/13
=985  \\$aISSN RDA COMPLETION - TO BE CATALOGUED BY RDA TRAINED CATALOGUERS.
=CAT  \\$a10973$b40$c20120315$lBLL01$h1116
=CAT  \\$a5552$b40$c20130124$lBLL01$h1617
=CAT  \\$a5552$b40$c20130124$lBLL01$h1619
=CAT  \\$a5552$b40$c20130125$lBLL01$h0818
=CAT  \\$a10806$b40$c20130222$lBLL01$h1055
=CAT  \\$a10806$b40$c20130222$lBLL01$h1056
=CAT  \\$a10806$b40$c20130226$lBLL01$h1606
=CAT  \\$aBLDSS-3PM$b00$c20150131$lBLL01$h2314
=CAT  \\$aBATCH-UPD$b00$c20160413$lBLL01$h1826
=CAT  \\$aBATCH-UPD$b00$c20160524$lBLL01$h2301
=CAT  \\$aBATCH-UPD$b00$c20160525$lBLL01$h0655
=CAT  \\$a5552$b40$c20170327$lBLL01$h1430
=CAT  \\$a5410$b40$c20170410$lBLL01$h1048
=CFI  0\$aCurrent copyright fee: GBP25.00$c81\0$e24-jan-2013$fGBP25.00$g0$hP$5Uk
=FFP  \\$aY$bBLDSS-3PM
=FIN  \\$aY$d20130226
=LET  \0$aMolecular and clinical oncology (Electronic)
=MNI  \\$a2049-9450
=TOC  \\$aETOC
=UNO  \\$aY
=LAS  \\$a5410$b40$c20170410$lBLL01$h1048

