=LDR  01790 as a22004937a 4500
=001  016052464
=003  Uk
=005  20180601140016.0
=006  m\\\\\\\\d\|\\\\\\
=007  cr||||||||||||
=008  120320d19731976enkbr\p\o\\\\\0\\\a0eng\\
=FMT  \\$a  SE
=022  0\$a2049-9817$202
=040  \\$aUk$beng$cUk$dUk
=042  \\$aissnuk
=210  0\$aNouv. rev. opt.$b(Online)
=222  \0$aNouvelle revue d'optique$b(Online)
=245  00$aNouvelle revue d'optique$h[electronic resource].
=260  \\$aBristol :$bInstitute of Physics
=310  \\$aBimonthly
=336  \\$atext$2rdacontent
=337  \\$acomputer$2rdamedia
=338  \\$aonline resource$2rdacarrier
=540  \\$aCurrent Copyright Fee: GBP30.00$c77\0$5Uk
=710  2\$aInstitute of Physics Publishing.
=776  0\$tNouvelle revue d'optique$x0335-7368
=780  00$tNouvelle revue d'optique appliquée (Online)
=785  00$tJournal of optics (Online)$x2056-7162
=856  \\$31850-9999$uhttp://www.iop.org/$xBLDSS
=856  40$uhttp://iopscience.iop.org/0335-7368/
=985  \\$aRetrospective ISSN assignment requested by International Centre in consultation with Netherlands ISSN (Richard Brown, 20/03/12)
=CAT  \\$a10806$b40$c20120320$lBLL01$h0917
=CAT  \\$a10806$b40$c20120320$lBLL01$h0924
=CAT  \\$a11316$b40$c20140916$lBLL01$h1439
=CAT  \\$a5552$b40$c20180601$lBLL01$h0855
=CAT  \\$a5552$b40$c20180601$lBLL01$h1400
=CAT  \\$aIPL-CLA$c20180630$lBLL01$h1935
=CAT  \\$aBLDSS-3PM$b00$c20180723$lBLL01$h1540
=CAT  \\$aBATCH-UPD$b00$c20180723$lBLL01$h1549
=CFI  0\$aCurrent Copyright Fee: GBP30.00$c77\0$e01-jul-2018$fGBP30.00$g0$hP$5Uk
=FFP  \\$aY$bBLDSS-3PM
=FIN  \\$aY$d20120320
=UNO  \\$aY
=LAS  \\$aBATCH-UPD$b00$c20180723$lBLL01$h1549

