=LDR  02354 as a2200637 a 4500
=001  016066744
=003  Uk
=005  20140918160435.0
=006  m\\\\\o\\d\\\\\\\\
=007  cr\cnu
=008  040527c20049999nyuqr\pso\\\\\0\\\a0eng\c
=FMT  \\$a  SE
=010  \\$a  2004215490
=022  0\$a1551-3688$l1551-3688$21
=035  \\$a(OCoLC)ocm55956479
=040  \\$aNSDP$beng$cNSDP$dDLC$dNSDP$dCU-S$dOCoLC$dUk
=042  \\$aukblsr
=050  00$aTK7895.E42
=082  10$a005.1$213
=210  0\$aSIGBED rev.
=222  \0$aSIGBED review
=245  00$aSIGBED review$h[electronic resource] /$cSpecial Interest Group on Embedded Systems.
=246  3\$aSpecial Interest Group on Embedded Systems review
=246  1\$iAlso known as:$aACM SIGBED review
=260  \\$aNew York :$bAssociation for Computing Machinery
=260  \\$a[New York, N.Y.] :$bACM SIGBED,$c2004-
=310  \\$aQuarterly
=336  \\$atext$2rdacontent
=337  \\$acomputer$2rdamedia
=338  \\$aonline resource$2rdacarrier
=362  0\$aVol. 1, no. 1 (Apr. 2004)-
=590  \\$aRoute FAILED DSC EXTENDED searches to Records Team
=540  \\$aCurrent copyright fee: GBP10.00$c65\0$5Uk
=500  \\$aTitle from HTML journal home page (viewed July 16, 2004).
=538  \\$aMode of access: World Wide Web.
=588  \\$aLatest issue consulted: Vol. 1, no. 2 (July 2004) (viewed July 22, 2004).
=650  \0$aEmbedded computer systems$vPeriodicals.
=710  2\$aAssociation for Computing Machinery.$bSpecial Interest Group on Embedded Systems.
=856  \\$31850-9999$uhttp://www.acm.org/$xBLDSS
=856  40$uhttp://www.cs.virginia.edu/sigbed/index.html
=945  \\$aACM SIGBED review
=979  \\$aBritish Library$bDSC$j0578.637100N
=CAT  \\$a5552$b40$c20120416$lBLL01$h1124
=CAT  \\$a5552$b40$c20120416$lBLL01$h1126
=CAT  \\$a5552$b40$c20120416$lBLL01$h1132
=CAT  \\$a5552$b40$c20120423$lBLL01$h0850
=CAT  \\$aBATCH-UPD$b40$c20121105$lBLL01$h1142
=CAT  \\$a8201E$b40$c20140918$lBLL01$h1604
=CAT  \\$aBLDSS-3PM$b00$c20150131$lBLL01$h2314
=CAT  \\$aBATCH-UPD$b00$c20160413$lBLL01$h1826
=CFI  0\$aCurrent copyright fee: GBP10.00$c65\0$e16-apr-2012$fGBP10.00$g0$hP$5Uk
=FFP  \\$aY$bBLDSS-3PM
=SID  \\$aZ39$bLOC
=TOC  \\$aETOC
=UNO  \\$aY
=LAS  \\$aBATCH-UPD$b00$c20160413$lBLL01$h1826

