=LDR  02634 as a2200661 a 4500
=001  016066758
=003  Uk
=005  20140922110958.0
=006  m\\\\\o\\d\\\\\\\\
=007  cr\|||||||||||
=008  101216d20112013nyutr\p\o\\\\\|\\\a0eng\\
=FMT  \\$a  SE
=010  \\$a  2010203789
=022  0\$a2159-1210$21
=035  \\$a(OCoLC)693110456
=040  \\$aDLC$beng$cDLC$dDLC$dHEBIS$dUV0$dBUF$dDLC$dMYG$dOCLCQ$dDLC$dOCLCF$dUK
=042  \\$aukblsr
=050  10$aISSN RECORD
=082  04$a570.285$223
=222  \0$aSIGBioinformatics record
=245  00$aSIGBioinformatics record$h[electronic resource].
=246  1\$aSpecial Interest Group on Bioinformatics record
=246  1\$aBioinformatics record
=246  1\$aACM SIGBioinformatics record
=260  \\$aNew York, NY :$bAssociation for Computing Machinery
=310  \\$aThree times a year
=336  \\$atext$2rdacontent
=337  \\$acomputer$2rdamedia
=338  \\$aonline resource$2rdacarrier
=362  1\$aBegan with Vol. 1, no. 1 (Jan. 2011); Ceased with Vol. 3, issue 1 (January 2013).
=590  \\$aRoute FAILED DSC EXTENDED searches to Records Team
=540  \\$aCurrent copyright fee: GBP10.00$c65\0$5Uk
=588  \\$aDescription based on Vol. 1, no. 1 (Jan. 2011); title from PDF cover (ACM Digital Library, viewed Sept. 1, 2011).
=588  \\$aLatest issue consulted: Vol. 2, no. 2 (May 2011) (viewed Sept. 1, 2011).
=650  \0$aBioinformatics$vPeriodicals.
=650  \0$aMedical informatics$vPeriodicals.
=650  \2$aBiomedical Technology$vPeriodicals.
=650  \2$aMedical Informatics$vPeriodicals.
=710  2\$aACM Special Interest Group on Bioinformatics, Computational Biology, and Biomedical Informatics.
=785  00$tSIGBio record$x2331-9291
=856  \\$31850-9999$uhttp://www.acm.org/$xBLDSS
=856  40$uhttp://dl.acm.org/citation.cfm?id=J1323&CFID=74521823&CFTOKEN=71824377
=856  40$uhttp://portal.acm.org/citation.cfm?id=J1323&picked=prox
=945  \\$aACM SIGBioinformatics record
=979  \\$aBritish Library$bDSC$j0578.637200N
=CAT  \\$a5552$b40$c20120416$lBLL01$h1130
=CAT  \\$a5552$b40$c20120416$lBLL01$h1132
=CAT  \\$a5552$b40$c20120423$lBLL01$h0850
=CAT  \\$aBATCH-UPD$b40$c20121105$lBLL01$h1142
=CAT  \\$a8201$b40$c20140922$lBLL01$h1109
=CAT  \\$aBLDSS-3PM$b00$c20150131$lBLL01$h2314
=CAT  \\$aBATCH-UPD$b00$c20160413$lBLL01$h1826
=CFI  0\$aCurrent copyright fee: GBP10.00$c65\0$e16-apr-2012$fGBP10.00$g0$hP$5Uk
=FFP  \\$aY$bBLDSS-3PM
=SID  \\$aZ39$bOCLC
=TOC  \\$aETOC
=UNO  \\$aY
=LAS  \\$aBATCH-UPD$b00$c20160413$lBLL01$h1826

