=LDR  02361 as a2200637 a 4500
=001  016066765
=003  Uk
=005  20140922112311.0
=006  m\\\\\o\\d\\\\\\\\
=007  cr\cnu||||||||
=008  010514c20009999nyuqr\pso\\\\\0\\\a0eng\c
=FMT  \\$a  SE
=010  \\$a  2001261021
=022  0\$a1551-9031$l1551-9031$21
=035  \\$a(OCoLC)46943475
=040  \\$aHNK$beng$cHNK$dOCLCQ$dMYG$dCUS$dNSD$dUQ1$dOCLCS$dOCLCQ$dOCLCO$dOCLCF$dUk
=042  \\$aukblsr
=050  10$aISSN RECORD
=050  14$aHF5548.32$b.S54
=082  04$a381.142$223
=222  \0$aSIGecom exchanges
=245  00$aSIGecom exchanges$h[electronic resource].
=246  3\$aSpecial Interest Group on Electronic Commerce exchanges
=246  1\$iIssues from some providers have title:$aACM SIGecom exchanges
=246  30$aExchanges
=260  \\$a[New York, N.Y.] :$bACM,$c2000-
=310  \\$aQuarterly
=336  \\$atext$2rdacontent
=337  \\$acomputer$2rdamedia
=338  \\$aonline resource$2rdacarrier
=362  0\$aVol. 1.1 (summer 2000)-
=590  \\$aRoute FAILED DSC EXTENDED searches to Records Team
=540  \\$aCurrent copyright fee: GBP10.00$c65\0$5Uk
=500  \\$aTitle from journal home page (viewed May 7, 2001).
=538  \\$aMode of access: World Wide Web.
=588  \\$aLatest issue consulted: Vol. 4.2 (summer 2003) (viewed Oct, 11, 2003).
=650  \0$aElectronic commerce$vPeriodicals.
=710  2\$aSpecial Interest Group on Electronic Commerce.
=856  \\$31850-9999$uhttp://www.acm.org/$xBLDSS
=856  40$uhttp://portal.acm.org/browse_dl.cfm?linked=1&part=newsletter&idx=J684&coll=portal&dl=ACM
=856  40$uhttp://portal.acm.org/sigecom/newsletter/
=856  40$uhttp://www.acm.org/sigs/sigecom/exchanges/
=945  \\$aACM SIGecom exchanges
=979  \\$aBritish Library$bDSC$j0578.639100N
=CAT  \\$a5552$b40$c20120416$lBLL01$h1134
=CAT  \\$a5552$b40$c20120423$lBLL01$h0850
=CAT  \\$aBATCH-UPD$b40$c20121105$lBLL01$h1142
=CAT  \\$a8201$b40$c20140922$lBLL01$h1123
=CAT  \\$aBLDSS-3PM$b00$c20150131$lBLL01$h2314
=CAT  \\$aBATCH-UPD$b00$c20160413$lBLL01$h1826
=CFI  0\$aCurrent copyright fee: GBP10.00$c65\0$e16-apr-2012$fGBP10.00$g0$hP$5Uk
=FFP  \\$aY$bBLDSS-3PM
=SID  \\$aZ39$bOCLC
=TOC  \\$aETOC
=UNO  \\$aY
=LAS  \\$aBATCH-UPD$b00$c20160413$lBLL01$h1826

