=LDR  02456 as a2200649 a 4500
=001  016066779
=003  Uk
=005  20140922112729.0
=006  m\\\\\o\\d\\\\\\\\
=007  cr\cnu||||||||
=008  060510c20069999nyuqx\pso\\\\\0\\\a0eng\c
=FMT  \\$a  SE
=010  \\$a  2006213352
=022  0\$a1931-8499$21
=035  \\$a(OCoLC)68620845$z(OCoLC)76785533
=040  \\$aNSD$beng$cNSD$dTXA$dDLC$dOCLCQ$dOCLCF$dCUD$dUk
=042  \\$aukblsr
=050  10$aISSN RECORD
=050  14$aQA76.623$b.S58
=082  04$a006.3823$223
=210  0\$aSIGevol.
=222  \0$aSIGEVOlution
=245  00$aSIGEVOlution$h[electronic resource] :$bnewsletter of the ACM Special Interest Group on Genetic and Evolutionary Computation.
=246  13$aACM SIGEVOlution
=260  \\$aNew York :$bAssociation for Computing Machinery,$c[2006]-
=310  \\$aQuarterly
=336  \\$atext$2rdacontent
=337  \\$acomputer$2rdamedia
=338  \\$aonline resource$2rdacarrier
=362  1\$aBegan with: Vol. 1, issue 1 (Apr. 2006).
=590  \\$aRoute FAILED DSC EXTENDED searches to Records Team
=540  \\$aCurrent copyright fee: GBP10.00$c65\0$5Uk
=588  \\$aDescription based on first issue; title from PDF cover (SIGEVO site, viewed Jan. 12 2009).
=588  \\$aLatest issue consulted: Vol. 5, issue 4 (2011) (viewed June 01, 2012).
=650  \0$aGenetic programming (Computer science)$vPeriodicals.
=650  \0$aGenetic algorithms$vPeriodicals.
=650  \0$aEvolutionary computation$vPeriodicals.
=650  \0$aEvolutionary programming (Computer science)$vPeriodicals.
=710  2\$aAssociation for Computing Machinery.$bSIGEVO.
=776  08$iPrint version:$tSIGEVOlution
=856  \\$31850-9999$uhttp://www.acm.org/$xBLDSS
=856  40$uhttp://portal.acm.org/toc.cfm?id=J999&dl=ACM
=856  40$uhttp://www.sigevolution.org/
=945  \\$aACM SIGEVOLution
=979  \\$aBritish Library$bDSC$j0578.639200N
=CAT  \\$a5552$b40$c20120416$lBLL01$h1141
=CAT  \\$a5552$b40$c20120423$lBLL01$h0850
=CAT  \\$aBATCH-UPD$b40$c20121105$lBLL01$h1142
=CAT  \\$a8201$b40$c20140922$lBLL01$h1127
=CAT  \\$aBLDSS-3PM$b00$c20150131$lBLL01$h2314
=CAT  \\$aBATCH-UPD$b00$c20160413$lBLL01$h1826
=CFI  0\$aCurrent copyright fee: GBP10.00$c65\0$e16-apr-2012$fGBP10.00$g0$hP$5Uk
=FFP  \\$aY$bBLDSS-3PM
=SID  \\$aZ39$bOCLC
=TOC  \\$aETOC
=UNO  \\$aY
=LAS  \\$aBATCH-UPD$b00$c20160413$lBLL01$h1826

