=LDR  02444cas a2200649 a 4500
=001  016066785
=003  Uk
=005  20140922113627.0
=006  m\\\\\o\\d\\\\\\\\
=007  cr\|||||||||||
=008  101206c20119999nyufr\p\o\\\\\|\\\a0eng\\
=FMT  \\$a  SE
=010  \\$a  2010203750
=022  0\$a2158-8813$21
=035  \\$a(OCoLC)690009613
=040  \\$aDLC$beng$cDLC$dDLC$dOCLCO$dOCLCQ$dOCLCA$dUk$erda
=042  \\$aukblsr
=050  10$aISSN RECORD
=082  04$a610.285$223
=210  0\$aSIGHIT record
=222  \0$aSIGHIT record
=245  00$aSIGHIT record.
=246  3\$aSpecial Interest Group on Health Informatics record
=246  3\$aACM SIGHIT record, the newsletter
=264  \1$aNew York, NY, USA :$bAssociation for Computing Machinery,$c[2011]-
=310  \\$aTwice a year
=336  \\$atext$btxt$2rdacontent
=337  \\$acomputer$bc$2rdamedia
=338  \\$aonline resource$bcr$2rdacarrier
=362  1\$aBegan with v. 1, Issue 1 (Mar. 2011).
=590  \\$aRoute FAILED DSC EXTENDED searches to Records Team
=540  \\$aCurrent copyright fee: GBP10.00$c65\0$5Uk
=588  \\$aDescription based on: V. 1, Issue 1 (March 2011); title from table of contents page (Sighit.org website, viewed Dec. 20, 2012).
=588  \\$aLatest issue consulted: V. 2, Issue 2 (September 2012) (viewed Dec. 20, 2012).
=650  \0$aMedical informatics$vPeriodicals.
=710  2\$aAssociation for Computing Machinery.$bSpecial Interest Group on Health Informatics.
=856  \\$31850-9999$uhttp://www.acm.org/$xBLDSS
=856  40$uhttp://www.sighit.org/record/
=945  \\$aACM SIGHIT record
=979  \\$aBritish Library$bDSC$j0578.639570N
=CAT  \\$a5552$b40$c20120416$lBLL01$h1143
=CAT  \\$a5552$b40$c20120416$lBLL01$h1240
=CAT  \\$a5552$b40$c20120416$lBLL01$h1324
=CAT  \\$a5552$b40$c20120416$lBLL01$h1400
=CAT  \\$a5552$b40$c20120423$lBLL01$h0850
=CAT  \\$aBATCH-UPD$b40$c20121105$lBLL01$h1142
=CAT  \\$a8201$b40$c20140922$lBLL01$h1136
=CAT  \\$aBLDSS-3PM$b00$c20150131$lBLL01$h2314
=CAT  \\$aBATCH-UPD$b00$c20151115$lBLL01$h1637
=CAT  \\$aBATCH-UPD$b00$c20160413$lBLL01$h1826
=CAT  \\$aBATCH-UPD$b00$c20230129$lBLL01$h2035
=CFI  0\$aCurrent copyright fee: GBP10.00$c65\0$e16-apr-2012$fGBP10.00$g0$hP$5Uk
=FFP  \\$aY$bBLDSS-3PM
=SID  \\$aZ39$bOCLC
=TOC  \\$aETOC
=UNO  \\$aY
=LAS  \\$aBATCH-UPD$b00$c20230129$lBLL01$h2035

