=LDR  02417 as a2200625 a 4500
=001  016066793
=003  Uk
=005  20140922114859.0
=006  m\\\\\o\\d\\\\\\\\
=007  cr\|||||||||||
=008  120229c20129999nyufr\p\o\\\\\|\\\a0eng\\
=FMT  \\$a  SE
=010  \\$a  2012201217
=022  0\$a2166-1685$21
=035  \\$a(OCoLC)778645643
=040  \\$aDLC$beng$cDLC$dOCLCQ$dDLC$dUk$erda
=042  \\$aukblsr
=050  10$aISSN RECORD
=082  04$a004.071$223
=210  0\$aSIGITE newsl.$b(2012, Online)
=222  \0$aSIGITE newsletter$b(2012. Online)
=245  00$aSIGITE newsletter.
=246  1\$aSpecial Interest Group for Information Technology Education newsletter
=246  1\$aACM SIGITE newsletter
=264  \1$aNew York, NY :$bACM Special Interest Group for Information Technology Education,$c2012-
=310  \\$aSemiannual
=336  \\$atext$btxt$2rdacontent
=337  \\$acomputer$bc$2rdamedia
=338  \\$aonline resource$bcr$2rdacarrier
=362  1\$aBegan with: Volume 9, issue 1 (March 2012).
=590  \\$aRoute FAILED DSC EXTENDED searches to Records Team
=540  \\$aCurrent copyright fee: GBP10.00$c65\0$5Uk
=588  \\$aDescription based on: Volume 9, issue 1 (March 2012); title from PDF banner; publisher's website, viewed Aug. 7, 2014).
=588  \\$aLatest issue consulted: Vol. 9, issue 2 (Dec. 2012) (viewed Aug. 7, 2014).
=650  \0$aComputer science$vPeriodicals
=710  2\$aAssociation for Computing Machinery.$bSpecial Interest Group on Information Technology Education,$eissuing body.
=780  00$tResearch in IT$x1944-0278
=856  \\$31850-9999$uhttp://www.acm.org/$xBLDSS
=856  40$uhttp://www.sigite.org/publications
=945  \\$aACM SIGITE newsletter
=979  \\$aBritish Library$bDSC$j0578.639580N
=CAT  \\$a5552$b40$c20120416$lBLL01$h1147
=CAT  \\$a5552$b40$c20120416$lBLL01$h1401
=CAT  \\$a5552$b40$c20120423$lBLL01$h0850
=CAT  \\$aBATCH-UPD$b40$c20121105$lBLL01$h1142
=CAT  \\$a8201$b40$c20140922$lBLL01$h1148
=CAT  \\$aBLDSS-3PM$b00$c20150131$lBLL01$h2314
=CAT  \\$aBATCH-UPD$b00$c20151115$lBLL01$h1637
=CAT  \\$aBATCH-UPD$b00$c20160413$lBLL01$h1826
=CFI  0\$aCurrent copyright fee: GBP10.00$c65\0$e16-apr-2012$fGBP10.00$g0$hP$5Uk
=FFP  \\$aY$bBLDSS-3PM
=SID  \\$aZ39$bOCLC
=TOC  \\$aETOC
=UNO  \\$aY
=LAS  \\$aBATCH-UPD$b00$c20160413$lBLL01$h1826

