=LDR  02621 as a2200697 a 4500
=001  016066895
=003  Uk
=005  20140922115549.0
=006  m\\\\\o\\d\\\\\\\\
=007  cr\|||
=008  090220c20099999nyuqr\poo\\\\\0\\\a0eng\c
=FMT  \\$a  SE
=010  \\$a  2009202246
=016  7\$a2536754-7$2DE-600
=022  0\$a1947-4598$21
=035  \\$a(OCoLC)ocn310089617
=040  \\$aNSDP$cNSDP$dHEBIS$dTxCM$dDLC$dOCoLC$dUk
=042  \\$aukblsr
=050  00$aQA76.575
=050  14$aQA76.575$b.S5672
=082  04$a006.7$223
=110  2\$aACM Special Interest Group on Multimedia.
=210  0\$aSIGMM rec.
=222  \0$aSIGMM records
=245  10$aSIGMM records$h[electronic resource].
=246  1\$aSpecial Interest Group on Multimedia records
=246  13$aACM SIGMM records
=246  1\$aACM SIG Multimedia records
=260  \\$a[New York] :$bAssociation for Computing Machinery, Special Interest Group on Multimedia,$c[2009]-
=310  \\$aQuarterly
=336  \\$atext$2rdacontent
=337  \\$acomputer$2rdamedia
=338  \\$aonline resource$2rdacarrier
=362  1\$aBegan with: Vol. 1, no. 1 (Mar. 2009).
=590  \\$aRoute FAILED DSC EXTENDED searches to Records Team
=540  \\$aCurrent copyright fee: GBP10.00$c65\0$5Uk
=588  \\$aDescription based on: Vol. 1, no. 1 (Mar. 2009); title from PDF title page (ACM Portal, viewed Oct. 22, 2010).
=588  \\$aLatest issue consulted: Vol. 3, issue 4 (Dec. 2011) (SIGMM website, viewed Mar. 15, 2012).
=610  20$aACM Special Interest Group on Multimedia$vPeriodicals.
=650  \0$aMultimedia systems$vPeriodicals.
=610  20$aAssociation for Computing Machinery$vPeriodicals.
=780  00$aACM Special Interest Group on Multimedia.$tACM SIG Multimedia enewsletter
=856  \\$31850-9999$uhttp://www.acm.org/$xBLDSS
=856  40$uhttp://portal.acm.org
=856  40$uhttp://www.sigmm.org/node/128
=856  40$uhttp://www.sigmm.org/records
=945  \\$aACM SIGMultimedia records
=979  \\$aBritish Library$bDSC$j0578.640100N
=CAT  \\$a5552$b40$c20120416$lBLL01$h1323
=CAT  \\$a5552$b40$c20120423$lBLL01$h0850
=CAT  \\$aBATCH-UPD$b40$c20121105$lBLL01$h1142
=CAT  \\$a8201$b40$c20140922$lBLL01$h1155
=CAT  \\$aBLDSS-3PM$b00$c20150131$lBLL01$h2314
=CAT  \\$aBATCH-UPD$b00$c20160413$lBLL01$h1826
=CAT  \\$aBATCH-UPD$b00$c20160605$lBLL01$h0615
=CFI  0\$aCurrent copyright fee: GBP10.00$c65\0$e16-apr-2012$fGBP10.00$g0$hP$5Uk
=FFP  \\$aY$bBLDSS-3PM
=SID  \\$aZ39$bLOC
=TOC  \\$aETOC
=UNO  \\$aY
=LAS  \\$aBATCH-UPD$b00$c20160605$lBLL01$h0615

