=LDR  02648 as a2200649 a 4500
=001  016066909
=003  Uk
=005  20140923113353.0
=006  m\\\\fo\\d\\\\\\\\
=007  cr\|||
=008  090206c20099999nyutr\poo\\\\\0\\\a0eng\c
=FMT  \\$a  SE
=010  \\$a  2009202194
=016  7\$a2536745-6$2DE-600
=022  0\$a1946-7729$21
=035  \\$a(OCoLC)ocn301884589
=040  \\$aNSDP$cNSDP$dNSDP$dOCoLC$dHEBIS$dCaAEU$dTxCM$dDLC$dOCoLC$dUk
=042  \\$aukblsr
=050  00$aQE48.8
=050  14$aQE48.8$b.S55
=082  04$a910.285$223
=222  \0$aSIGSPATIAL special
=245  00$aSIGSPATIAL Special$h[electronic resource].
=246  13$aSpecial Interest Group on Spatial Information special
=260  \\$aNew York :$bAssociation for Computing Machinery
=260  \\$aNew York, NY :$bAssociation for Computing Machinery,$c[2009]-
=310  \\$aThree times a year
=336  \\$atext$2rdacontent
=337  \\$acomputer$2rdamedia
=338  \\$aonline resource$2rdacarrier
=540  \\$aCurrent copyright fee: GBP10.00$c65\0$5Uk
=590  \\$aRoute FAILED DSC EXTENDED searches to Records Team
=500  \\$aThe newsletter of the Association for Computing Machinery (ACM) Special Interest Group on Spatial Information.
=588  \\$aDescription based on: Vol. 1, no. 1 (March, 2009); title from PDF running title (ACM Digital Library, viewed Sept. 10 2010).
=588  \\$aLatest issue consulted: Vol. 2, no. 1 (March, 2010) (viewed Sept. 10 2010).
=650  \0$aSpatial systems$xData processing$vPeriodicals.
=650  \0$aEarth sciences$xData processing$vPeriodicals.
=650  \0$aGeographic information systems$vPeriodicals.
=710  2\$aAssociation for Computing Machinery.$bSpecial Interest Group on Spatial Information.
=856  \\$31850-9999$uhttp://www.acm.org/$xBLDSS
=856  40$uhttp://portal.acm.org/browse_dl.cfm?linked=1&part=newsletter&idx=J1196&coll=portal&dl=ACM
=856  40$uhttp://www.sigspatial.org/sigspatial-special
=945  \\$aACM SIGSPATIAL special
=979  \\$aBritish Library$bDSC$j0578.642300N
=CAT  \\$a5552$b40$c20120416$lBLL01$h1332
=CAT  \\$a5552$b40$c20120423$lBLL01$h0847
=CAT  \\$aBATCH-UPD$b40$c20121105$lBLL01$h1142
=CAT  \\$a8201$b40$c20140923$lBLL01$h1133
=CAT  \\$aBLDSS-3PM$b00$c20150131$lBLL01$h2314
=CAT  \\$aBATCH-UPD$b00$c20160413$lBLL01$h1826
=CAT  \\$aBATCH-UPD$b00$c20160605$lBLL01$h0615
=CFI  0\$aCurrent copyright fee: GBP10.00$c65\0$e16-apr-2012$fGBP10.00$g0$hP$5Uk
=FFP  \\$aY$bBLDSS-3PM
=SID  \\$aZ39$bLOC
=TOC  \\$aETOC
=UNO  \\$aY
=LAS  \\$aBATCH-UPD$b00$c20160605$lBLL01$h0615

