=LDR  02767 as a2200661 a 4500
=001  016066922
=003  Uk
=005  20140923115049.0
=006  m\\\\\o\\d\\\\\\\\
=007  cr\cnu||||||||
=008  070411c20089999nyuqr\pso\\\\\|\\\a0eng\\
=FMT  \\$a  SE
=010  \\$a  2007214325
=022  0\$a1936-7236$l1936-7236$y1936-7228$21
=035  \\$a(OCoLC)122940859
=040  \\$aNSD$beng$cNSD$dMYG$dTXA$dOCLCS$dDLC$dOCLCQ$dOCLCA$dOCLCF$dUk
=042  \\$aukblsr
=050  10$aISSN RECORD
=050  14$aHV1569.5$b.A36
=082  04$a004.087$223
=130  0\$aACM transactions on accessible computing (Online)
=210  0\$aACM trans. access. comput.$b(Online)
=222  \0$aACM transactions on accessible computing$b(Online)
=245  10$aACM transactions on accessible computing$h[electronic resource].
=246  13$aTransactions on accessible computing
=246  13$aTACCESS
=260  \\$aNew York, N.Y. :$bAssociation for Computing Machinery,$cc2008-
=310  \\$aQuarterly
=336  \\$atext$2rdacontent
=337  \\$acomputer$2rdamedia
=338  \\$aonline resource$2rdacarrier
=362  1\$aBegan with: Vol. 1, issue 1 (May 2008).
=590  \\$aRoute FAILED DSC EXTENDED searches to Records Team
=540  \\$aCurrent copyright fee: GBP10.00$c65\0$5Uk
=588  \\$aDescription based on first issue; title from PDF article running title (ACM Digital Library site, viewed Jan. 13, 2009).
=588  \\$aLatest issue consulted: Vol. 2, issue 2 (June 2009); (ACM Digital Library site, viewed Dec. 1, 2009).
=650  \0$aComputers and people with disabilities$vPeriodicals.
=650  \0$aComputerized self-help devices for people with disabilities$vPeriodicals.
=710  2\$aAssociation for Computing Machinery.
=776  08$iPrint version:$tACM transactions on accessible computing$x1936-7228
=856  \\$31850-9999$uhttp://www.acm.org/$xBLDSS
=856  40$uhttp://portal.acm.org/browse_dl.cfm?linked=1&part=transaction&idx=J1156&coll=portal&dl=ACM
=856  40$uhttp://rzblx1.uni-regensburg.de/ezeit/warpto.phtml?colors=7&jour_id=108510
=945  \\$aACM transactions on accessible computing
=979  \\$aBritish Library$bDSC$j0578.647200N
=CAT  \\$a5552$b40$c20120416$lBLL01$h1340
=CAT  \\$a5552$b40$c20120423$lBLL01$h0847
=CAT  \\$aBATCH-UPD$b40$c20121105$lBLL01$h1142
=CAT  \\$a8201$b40$c20140923$lBLL01$h1150
=CAT  \\$aBLDSS-3PM$b00$c20150131$lBLL01$h2314
=CAT  \\$aBATCH-UPD$b00$c20160413$lBLL01$h1826
=CAT  \\$aBATCH-UPD$b00$c20210119$lBLL01$h2037
=CFI  0\$aCurrent copyright fee: GBP10.00$c65\0$e16-apr-2012$fGBP10.00$g0$hP$5Uk
=FFP  \\$aY$bBLDSS-3PM
=SID  \\$aZ39$bOCLC
=TOC  \\$aETOC
=UNO  \\$aY
=LAS  \\$aBATCH-UPD$b00$c20210119$lBLL01$h2037

