=LDR  02497 as a2200673 a 4500
=001  016066926
=003  Uk
=005  20191129092630.0
=006  m\\\\\o\\d\\\\\\\\
=007  cr\cnu||||||||
=008  040329c20059999nyuqx\pso\\\\\0\\\a0eng\c
=FMT  \\$a  SE
=010  \\$a  2004212233
=022  0\$a1549-6333$l1549-6325$21
=035  \\$a(OCoLC)54832064
=040  \\$aNSD$beng$cNSD$dOCLCQ$dNSD$dMUQ$dSYB$dCFI$dOCLCQ$dOCLCF$dUk
=042  \\$aukblsr
=050  10$aISSN RECORD
=050  04$aQA76.6$b.A28
=082  04$a004.0151$223
=130  0\$aACM transactions on algorithms (Online)
=222  \0$aACM transactions on algorithms$b(Online)
=245  10$aACM transactions on algorithms$h[electronic resource] :$bTALG.
=246  30$aTransactions on algorithms
=246  30$aTALG
=260  \\$aNew York, N.Y. :$bAssociation for Computing Machinery,$c2005-
=310  \\$aFour no. a year
=336  \\$atext$2rdacontent
=337  \\$acomputer$2rdamedia
=338  \\$aonline resource$2rdacarrier
=362  0\$aVol. 1, issue 1 (July 2005)-
=540  \\$aCurrent copyright fee: GBP10.00$c65\0$5Uk
=590  \\$aRoute FAILED DSC EXTENDED searches to Records Team
=500  \\$aTitle from table of contents page (ACM portal viewed on Jan. 25, 2006).
=530  \\$aAlso issued in print.
=538  \\$aMode of access: World Wide Web.
=588  \\$aLatest issue consulted: Vol. 1, issue 2 (Oct. 2005) (ACM portal viewed on Jan. 25, 2006).
=650  \0$aComputer programming$vPeriodicals.
=650  \0$aComputer algorithms$vPeriodicals.
=710  2\$aAssociation for Computing Machinery.
=776  1\$tACM transactions on algorithms$x1549-6325
=856  \\$31850-9999$uhttp://www.acm.org/$xBLDSS
=856  40$uhttp://portal.acm.org/dl.cfm?coll=portal&dl=ACM&CFID=66641148&CFTOKEN=20312267
=945  \\$aACM transactions on algorithms
=979  \\$aBritish Library$bDSC$j0578.647300N
=CAT  \\$a5552$b40$c20120416$lBLL01$h1343
=CAT  \\$a5552$b40$c20120423$lBLL01$h0847
=CAT  \\$a8409$b40$c20120913$lBLL01$h1633
=CAT  \\$aBATCH-UPD$b40$c20121105$lBLL01$h1142
=CAT  \\$a8201$b40$c20140923$lBLL01$h1203
=CAT  \\$aBLDSS-3PM$b00$c20150131$lBLL01$h2314
=CAT  \\$a5410$b40$c20191129$lBLL01$h0926
=CFI  0\$aCurrent copyright fee: GBP10.00$c65\0$e16-apr-2012$fGBP10.00$g0$hP$5Uk
=FFP  \\$aY$bBLDSS-3PM
=MNI  \\$a1549-6325
=SID  \\$aZ39$bOCLC
=TOC  \\$aETOC
=UNO  \\$aY
=LAS  \\$a5410$b40$c20191129$lBLL01$h0926

