=LDR  02578 as a2200661 a 4500
=001  016066988
=003  Uk
=005  20140923121537.0
=006  m\\\\\o\\d\\\\\\\\
=007  cr\|||||||||||
=008  080505c20099999nyuqr\pso\\\\\1\\\a0eng\c
=FMT  \\$a  SE
=010  \\$a  2008214526
=022  0\$a1942-3462$l1942-3454$y1942-3454$21
=035  \\$a(OCoLC)227008121
=040  \\$aNSD$beng$cNSD$dNSD$dGUA$dDLC$dMUQ$dMYG$dOCLCQ$dOCLCA$dOCLCF$dUk
=042  \\$aukblsr
=050  10$aISSN RECORD
=050  14$aQA267
=082  04$a511$223
=210  0\$aACM trans. comput. theory$b(Online)
=222  \0$aACM transactions on computation theory$b(Online)
=245  00$aACM transactions on computation theory$h[electronic resource].
=246  13$aTransactions on computation theory
=246  13$aAssociation for Computing Machinery transactions on computation theory
=246  13$aTOCT
=260  \\$aNew York, N.Y. :$bAssociation for Computing Machinery
=310  \\$aQuarterly
=336  \\$atext$2rdacontent
=337  \\$acomputer$2rdamedia
=338  \\$aonline resource$2rdacarrier
=362  1\$aBegan with v. 1, no. 1 (Feb. 2009).
=540  \\$aCurrent copyright fee: GBP10.00$c65\0$5Uk
=590  \\$aRoute FAILED DSC EXTENDED searches to Records Team
=588  \\$aDescription based on: Vol. 1, no. 1 (Feb. 2009); title from contents screen (ACM Portal, viewed Jan. 5, 2010).
=588  \\$aLatest issue consulted: Vol. 1, no. 2 (Sept. 2009) (ACM Portal, viewed Jan. 5, 2010).
=650  \0$aComputational complexity$vPeriodicals.
=650  \0$aMachine theory$vPeriodicals.
=650  \0$aComputer programming$vPeriodicals.
=710  2\$aAssociation for Computing Machinery.
=776  08$iPrint version:$tACM transactions on computational theory$x1942-3454
=856  \\$31850-9999$uhttp://www.acm.org/$xBLDSS
=856  40$uhttp://portal.acm.org/toc.cfm?id=1490270
=945  \\$aACM transactions on computation theory
=979  \\$aBritish Library$bDSC$j0578.648800N
=CAT  \\$a5552$b40$c20120416$lBLL01$h1432
=CAT  \\$a5552$b40$c20120423$lBLL01$h0847
=CAT  \\$aBATCH-UPD$b40$c20121105$lBLL01$h1142
=CAT  \\$a8201$b40$c20140923$lBLL01$h1215
=CAT  \\$aBLDSS-3PM$b00$c20150131$lBLL01$h2314
=CAT  \\$aBATCH-UPD$b00$c20160413$lBLL01$h1826
=CAT  \\$aBATCH-UPD$b00$c20210119$lBLL01$h2037
=CFI  0\$aCurrent copyright fee: GBP10.00$c65\0$e16-apr-2012$fGBP10.00$g0$hP$5Uk
=FFP  \\$aY$bBLDSS-3PM
=SID  \\$aZ39$bOCLC
=TOC  \\$aETOC
=UNO  \\$aY
=LAS  \\$aBATCH-UPD$b00$c20210119$lBLL01$h2037

