=LDR  02537 as a2200637 i 4500
=001  016066992
=003  Uk
=005  20140923135218.0
=006  m\\\\\o\\d\\\\\\\\
=007  cr||||||||||||
=008  090126c20099999nyuqx\pso\\\\\|\\\a0eng\c
=FMT  \\$a  SE
=010  \\$a  2009202155
=022  0\$a1946-6226$l1946-6226$y1946-6626$21
=035  \\$a(OCoLC)ocn299571181
=040  \\$aNSDP$beng$cNSDP$dHkUST$dCaQMU$dDLC$dOCoLC$dDLC$dOCoLC$dDLC$dOCoLC$dUk
=042  \\$aukblsr
=050  00$aQA76.27
=082  04$a004.071$223
=210  0\$aACM trans. comp. educ.
=222  \0$aACM transactions on computing education
=245  00$aACM transactions on computing education.
=246  3\$aTransactions on computing education
=246  3\$aTOCE
=264  \1$aNew York, NY :$bAssociation for Computing Machinery
=310  \\$aFour times a year
=336  \\$atext$btxt$2rdacontent
=337  \\$acomputer$bc$2rdamedia
=338  \\$aonline resource$bcr$2rdacarrier
=362  1\$aBegan with vol. 9, no. 1 (Mar. 2009).
=540  \\$aCurrent copyright fee: GBP10.00$c65\0$5Uk
=590  \\$aRoute FAILED DSC EXTENDED searches to Records Team
=515  \\$aIn addition to issue designations, articles are numbered individually within volumes.
=588  \\$aDescription based on: Vol. 9, no. 1 (Mar. 2009); title from title screen (ACM Portal, viewed July 8, 2009).
=588  \\$aLatest issue consulted: Vol. 11, no. 4 (Nov. 2011) (viewed Dec. 5, 2011).
=650  \0$aComputers$xStudy and teaching$vPeriodicals.
=650  \0$aComputer science$xStudy and teaching$vPeriodicals.
=710  2\$aAssociation for Computing Machinery.
=780  00$tJournal on educational resources in computing$x1531-4278
=856  \\$31850-9999$uhttp://www.acm.org/$xBLDSS
=856  40$uhttp://dl.acm.org/citation.cfm?id=J1193&CFID=71670341&CFTOKEN=81808683
=945  \\$aACM transactions on computing education
=979  \\$aBritish Library$bDSC$j0578.658000N
=CAT  \\$a5552$b40$c20120416$lBLL01$h1435
=CAT  \\$a5552$b40$c20120423$lBLL01$h0847
=CAT  \\$aBATCH-UPD$b40$c20121105$lBLL01$h1142
=CAT  \\$a8201$b40$c20140923$lBLL01$h1352
=CAT  \\$aBLDSS-3PM$b00$c20150131$lBLL01$h2314
=CAT  \\$aBATCH-UPD$b00$c20160413$lBLL01$h1826
=CAT  \\$aBATCH-UPD$b00$c20210119$lBLL01$h2037
=CFI  0\$aCurrent copyright fee: GBP10.00$c65\0$e16-apr-2012$fGBP10.00$g0$hP$5Uk
=FFP  \\$aY$bBLDSS-3PM
=SID  \\$aZ39$bLOC
=TOC  \\$aETOC
=UNO  \\$aY
=LAS  \\$aBATCH-UPD$b00$c20210119$lBLL01$h2037

