=LDR  02780 as a2200685 a 4500
=001  016066996
=003  Uk
=005  20140923161125.0
=006  m\\\\\o\\d\\\\\\\\
=007  cr\|||||||||||
=008  100929c20109999nyuqr\pso\\\\\0\\\a0eng\\
=FMT  \\$a  SE
=010  \\$a  2010200492
=022  0\$a2157-6912$l2157-6904$21
=035  \\$a(OCoLC)666893101
=040  \\$aDLC$beng$cDLC$dHEBIS$dHUL$dDLC$dHUL$dMYG$dDLC$dOCLCQ$dOCLCA$dOCLCF$dUk
=042  \\$aukblsr
=050  10$aISSN RECORD
=050  14$aQA76.76.E95$bA325
=082  04$a006.3$223
=130  0\$aACM transactions on intelligent systems and technology (Online)
=210  0\$aACM trans. intell. syst. technol.$b(Online)
=222  \0$aACM transactions on intelligent systems and technology$b(Online)
=245  10$aACM transactions on intelligent systems and technology$h[electronic resource].
=246  1\$aTransactions on intelligent systems and technology
=246  1\$aIntelligent systems and technology
=246  1\$aACM TIST
=246  1\$aTIST
=260  \\$aNew York, NY :$bAssociation for Computing Machinery
=310  \\$aQuarterly
=336  \\$atext$2rdacontent
=337  \\$acomputer$2rdamedia
=338  \\$aonline resource$2rdacarrier
=362  1\$aBegan with: Vol. 1, no. 1 (2010).
=540  \\$aCurrent copyright fee: GBP10.00$c65\0$5Uk
=590  \\$aRoute FAILED DSC EXTENDED searches to Records Team
=588  \\$aDescription based on: Vol. 1, no. 1 (2010); title from cover image PDF (ACM Digital Library, viewed Feb. 7, 2012).
=588  \\$aLatest issue consulted: Vol. 3, no. 1 (2012) (ACM Digital Library, viewed Feb. 7, 2012).
=650  \0$aExpert systems (Computer science)$vPeriodicals.
=650  \0$aArtificial intelligence$vPeriodicals.
=710  2\$aAssociation for Computing Machinery.
=776  08$iAlso in print:$tACM transactions on intelligent systems and technology$x2157-6904
=856  \\$31850-9999$uhttp://www.acm.org/$xBLDSS
=856  40$uhttp://dl.acm.org/citation.cfm?id=J1318&CFID=72370079&CFTOKEN=39904203
=856  40$uhttp://tist.acm.org/
=945  \\$aACM transactions on intelligent systems and technology
=979  \\$aBritish Library$bDSC$j0578.668500N
=CAT  \\$a5552$b40$c20120416$lBLL01$h1438
=CAT  \\$a5552$b40$c20120423$lBLL01$h0848
=CAT  \\$aBATCH-UPD$b40$c20121105$lBLL01$h1142
=CAT  \\$a8201$b40$c20140923$lBLL01$h1611
=CAT  \\$aBLDSS-3PM$b00$c20150131$lBLL01$h2314
=CAT  \\$aBATCH-UPD$b00$c20160413$lBLL01$h1826
=CAT  \\$aBATCH-UPD$b00$c20181024$lBLL01$h1818
=CFI  0\$aCurrent copyright fee: GBP10.00$c65\0$e16-apr-2012$fGBP10.00$g0$hP$5Uk
=FFP  \\$aY$bBLDSS-3PM
=SID  \\$aZ39$bOCLC
=TOC  \\$aETOC
=UNO  \\$aY
=LAS  \\$aBATCH-UPD$b00$c20181024$lBLL01$h1818

