=LDR  02687 as a2200673 a 4500
=001  016067002
=003  Uk
=005  20140923161750.0
=006  m\\\\\o\\d\\\\\\\\
=007  cr\|||||||||||
=008  110324c20119999nyuqr\pso\\\\\0\\\a0eng\\
=FMT  \\$a  SE
=010  \\$a  2011204420
=022  0\$a2160-6463$21
=035  \\$a(OCoLC)708366149$z(OCoLC)780381726
=040  \\$aDLC$beng$cDLC$dHEBIS$dMYG$dAU@$dDLC$dOCLCQ$dOCLCF$dUk
=042  \\$aukblsr
=050  10$aISSN RECORD
=050  14$aQ334
=082  04$a006.3$223
=130  0\$aACM transactions on interactive intelligent systems (Online)
=210  0\$aACM trans. interact. intell. syst.$b(Online)
=222  \0$aACM transactions on interactive intelligent systems$b(Online)
=245  10$aACM transactions on interactive intelligent systems$h[electronic resource].
=246  1\$aACM TIIS
=246  1\$aTIIS
=246  1\$aTransactions on interactive intelligent systems
=260  \\$aNew York, NY :$bAssociation for Computing Machinery
=310  \\$aQuarterly
=336  \\$atext$2rdacontent
=337  \\$acomputer$2rdamedia
=338  \\$aonline resource$2rdacarrier
=362  1\$aBegan with: Vol. 1, no. 1 (October 2011).
=540  \\$aCurrent copyright fee: GBP10.00$c65\0$5Uk
=590  \\$aRoute FAILED DSC EXTENDED searches to Records Team
=588  \\$aDescription based on: Vol. 1, no. 1 (October 2011); title from journal home page (ACM Digital Library website, viewed Apr. 2, 2012).
=588  \\$aLatest issue consulted: Vol. 2, no. 1 (March 2012) (viewed Apr. 2, 2012).
=650  \0$aArtificial intelligence$vPeriodicals.
=650  \0$aHuman-computer interaction$vPeriodicals.
=655  \4$aElectronic journals
=776  08$iAlso issued in print as:$tACM transactions on interactive intelligent systems$x2160-6455
=856  \\$31850-9999$uhttp://www.acm.org/$xBLDSS
=856  40$uhttp://dl.acm.org/citation.cfm?id=J1341&CFID=74752614&CFTOKEN=89783421
=856  42$uhttp://www.acm.org/dl
=945  \\$aACM transactions on interactive intelligent systems
=979  \\$aBritish Library$bDSC$j0578.668700N
=CAT  \\$a5552$b40$c20120416$lBLL01$h1443
=CAT  \\$a5552$b40$c20120423$lBLL01$h0848
=CAT  \\$aBATCH-UPD$b40$c20121105$lBLL01$h1142
=CAT  \\$a8201$b40$c20140923$lBLL01$h1617
=CAT  \\$aBLDSS-3PM$b00$c20150131$lBLL01$h2314
=CAT  \\$aBATCH-UPD$b00$c20160413$lBLL01$h1826
=CAT  \\$aBATCH-UPD$b00$c20181024$lBLL01$h1818
=CFI  0\$aCurrent copyright fee: GBP10.00$c65\0$e16-apr-2012$fGBP10.00$g0$hP$5Uk
=FFP  \\$aY$bBLDSS-3PM
=SID  \\$aZ39$bOCLC
=TOC  \\$aETOC
=UNO  \\$aY
=LAS  \\$aBATCH-UPD$b00$c20181024$lBLL01$h1818

