=LDR  02349 as a2200625 a 4500
=001  016067004
=003  Uk
=005  20140923162117.0
=006  m\\\\\o\\d\\\\\\\\
=007  cr\|||||||||||
=008  050617c20079999nyuqr\pso\\\\\0\\\a0eng\c
=FMT  \\$a  SE
=010  \\$a  2005215554
=022  0\$a1556-472X$l1556-4681$y1556-4681$21
=035  \\$a(OCoLC)60664157
=040  \\$aNSD$beng$cNSD$dNSD$dUMC$dOCLCQ$dBUF$dNSD$dMUQ$dKSU$dOCLCQ$dOCLCA$dOCLCF$dUk
=042  \\$aukblsr
=050  10$aISSN RECORD
=050  14$aQA76.76.E95$bA26
=082  04$a006.312$223
=130  0\$aACM transactions on knowledge discovery from data (Online)
=210  0\$aACM trans. knowl. discov. data$b(Online)
=222  \0$aACM transactions on knowledge discovery from data$b(Online)
=245  10$aACM transactions on knowledge discovery from data$h[electronic resource].
=246  13$aTKDD
=246  30$aTransactions on knowledge discovery from data
=260  \\$aNew York, NY :$bAssociation for Computing Machinery
=310  \\$aQuarterly
=336  \\$atext$2rdacontent
=337  \\$acomputer$2rdamedia
=338  \\$aonline resource$2rdacarrier
=362  1\$aBegan with vol. 1, no. 1 (Mar. 2007).
=540  \\$aCurrent copyright fee: GBP10.00$c65\0$5Uk
=590  \\$aRoute FAILED DSC EXTENDED searches to Records Team
=650  \0$aData mining$vPeriodicals.
=710  2\$aAssociation for Computing Machinery.
=776  08$iAlso issued in print:$tACM transactions on knowledge discovery from data$x1556-4681
=856  \\$31850-9999$uhttp://www.acm.org/$xBLDSS
=856  40$uhttp://tkdd.cs.uiuc.edu/
=856  40$uhttp://www.acm.org/pubs/tkdd/
=945  \\$aACM transactions on knowledge discovery from data
=979  \\$aBritish Library$bDSC$j0578.669400N
=CAT  \\$a5552$b40$c20120416$lBLL01$h1446
=CAT  \\$a5552$b40$c20120423$lBLL01$h0848
=CAT  \\$aBATCH-UPD$b40$c20121105$lBLL01$h1142
=CAT  \\$a8201$b40$c20140923$lBLL01$h1621
=CAT  \\$aBLDSS-3PM$b00$c20150131$lBLL01$h2314
=CAT  \\$aBATCH-UPD$b00$c20160413$lBLL01$h1826
=CAT  \\$aBATCH-UPD$b00$c20210119$lBLL01$h2037
=CFI  0\$aCurrent copyright fee: GBP10.00$c65\0$e16-apr-2012$fGBP10.00$g0$hP$5Uk
=FFP  \\$aY$bBLDSS-3PM
=SID  \\$aZ39$bOCLC
=TOC  \\$aETOC
=UNO  \\$aY
=LAS  \\$aBATCH-UPD$b00$c20210119$lBLL01$h2037

