=LDR  02763 as a2200685 a 4500
=001  016067008
=003  Uk
=005  20140923162521.0
=006  m\\\\\o\\d\\\\\\\\
=007  cr\|||||||||||
=008  101124c20109999nyuqr\p\o\\\\\0\\\a0eng\\
=FMT  \\$a  SE
=010  \\$a  2010202666
=022  0\$a2158-6578$y2158-656X$21
=035  \\$a(OCoLC)683235465
=040  \\$aDLC$beng$cDLC$dBUF$dMYG$dDLC$dOCLCQ$dOCLCA$dOCLCF$dUk
=042  \\$aukblsr
=050  10$aISSN RECORD
=050  \4$aT58.6$b.A265
=082  04$a658.4038011$223
=130  0\$aACM transactions on management information systems (Online)
=210  0\$aACM trans. manag. inf. syst.$b(Online)
=222  \0$aACM transactions on management information systems$b(Online)
=245  10$aACM transactions on management information systems$h[electronic resource].
=246  1\$aTransactions on management information systems
=246  1\$aTMIS
=246  1\$aACM TMIS
=260  \\$aNew York, NY :$bAssociation for Computing Machinery
=310  \\$aQuarterly
=336  \\$atext$2rdacontent
=337  \\$acomputer$2rdamedia
=338  \\$aonline resource$2rdacarrier
=362  1\$aBegan with vol. 1, no. 1 (Dec. 2010).
=540  \\$aCurrent copyright fee: GBP10.00$c65\0$5Uk
=590  \\$aRoute FAILED DSC EXTENDED searches to Records Team
=515  \\$aVol. 1 complete in one issue.
=588  \\$aDescription based on: Vol. 1, no. 1 (Dec. 2010); title from PDF cover (ACM Digital Library, viewed Feb. 7, 2012).
=588  \\$aLatest issue consulted: Vol. 2, no. 4 (Dec. 2011) (ACM Digital Library, viewed Feb. 7, 2012).
=650  \0$aManagement information systems$vPeriodicals.
=710  2\$aAssociation for Computing Machinery.
=776  08$iPrint version:$tACM transactions on management information systems$x2158-656X
=856  \\$31850-9999$uhttp://www.acm.org/$xBLDSS
=856  40$uhttp://dl.acm.org/citation.cfm?id=J1320&CFID=72370079&CFTOKEN=39904203
=856  40$uhttp://portal.acm.org/citation.cfm?id=J1320&picked=prox
=856  40$uhttp://tmis.acm.org/index.html
=945  \\$aACM transactions on management information systems
=979  \\$aBritish Library$bDSC$j0578.669600N
=CAT  \\$a5552$b40$c20120416$lBLL01$h1450
=CAT  \\$a5552$b40$c20120423$lBLL01$h0848
=CAT  \\$aBATCH-UPD$b40$c20121105$lBLL01$h1142
=CAT  \\$a8201$b40$c20140923$lBLL01$h1625
=CAT  \\$aBLDSS-3PM$b00$c20150131$lBLL01$h2314
=CAT  \\$aBATCH-UPD$b00$c20160413$lBLL01$h1826
=CAT  \\$aBATCH-UPD$b00$c20210119$lBLL01$h2037
=CFI  0\$aCurrent copyright fee: GBP10.00$c65\0$e16-apr-2012$fGBP10.00$g0$hP$5Uk
=FFP  \\$aY$bBLDSS-3PM
=SID  \\$aZ39$bOCLC
=TOC  \\$aETOC
=UNO  \\$aY
=LAS  \\$aBATCH-UPD$b00$c20210119$lBLL01$h2037

