=LDR  02619 as a2200637 a 4500
=001  016067048
=003  Uk
=005  20140923163220.0
=006  m\\\\\o\\d\\\\\\\\
=007  cr\cnu||||||||
=008  070419c20089999nyuqr\pso\\\\\0\\\a0eng\c
=FMT  \\$a  SE
=010  \\$a  2007214327
=022  0\$a1936-7414$l1936-7406$y1936-7406$21
=035  \\$a(OCoLC)123286295
=040  \\$aNSD$beng$cNSD$dNSD$dCFI$dOCLCQ$dOCLCO$dOCLCA$dOCLCF$dUk
=042  \\$aukblsr
=050  10$aISSN RECORD
=050  04$aQA76.9.A3
=082  10$a621$214
=130  0\$aACM transactions on reconfigurable technology and systems (Online)
=222  \0$aACM transactions on reconfigurable technology and systems$b(Online)
=245  10$aACM transactions on reconfigurable technology and systems$h[electronic resource].
=246  30$aTransactions on reconfigurable technology and systems
=246  13$aACM TRETS
=260  \\$aNew York, N.Y. :$bAssociation for Computing Machinery
=310  \\$aFour times per year
=336  \\$atext$2rdacontent
=337  \\$acomputer$2rdamedia
=338  \\$aonline resource$2rdacarrier
=362  1\$aBegan with vol. 1, issue 1 (Mar. 2008).
=540  \\$aCurrent copyright fee: GBP10.00$c65\0$5Uk
=590  \\$aRoute FAILED DSC EXTENDED searches to Records Team
=588  \\$aDescription based on first issue; title from caption (ACM Portal viewed on Nov. 26, 2008).
=588  \\$aLatest issue consulted: Vol. 1, issue 3 (Sept. 2008) (ACM Portal viewed on Nov. 26, 2008).
=650  \0$aAdaptive computing systems$vPeriodicals.
=710  2\$aAssociation for Computing Machinery.
=776  08$iPrint version:$tACM transactions on reconfigurable technology and systems$x1936-7406
=856  \\$31850-9999$uhttp://www.acm.org/$xBLDSS
=856  40$uhttp://portal.acm.org/browse_dl.cfm?linked=1&part=transaction&idx=J1151&coll=portal&dl=ACM
=945  \\$aACM transactions on reconfigurable technology and systems
=979  \\$aBritish Library$bDSC$j0578.675004N
=CAT  \\$a5552$b40$c20120416$lBLL01$h1559
=CAT  \\$a5552$b40$c20120423$lBLL01$h0848
=CAT  \\$a7364$b40$c20120928$lBLL01$h1328
=CAT  \\$aBATCH-UPD$b40$c20121105$lBLL01$h1142
=CAT  \\$a8201$b40$c20140923$lBLL01$h1632
=CAT  \\$aBLDSS-3PM$b00$c20150131$lBLL01$h2314
=CAT  \\$aBATCH-UPD$b00$c20160413$lBLL01$h1826
=CAT  \\$aBATCH-UPD$b00$c20210119$lBLL01$h2037
=CFI  0\$aCurrent copyright fee: GBP10.00$c65\0$e16-apr-2012$fGBP10.00$g0$hP$5Uk
=FFP  \\$aY$bBLDSS-3PM
=SID  \\$aZ39$bOCLC
=TOC  \\$aETOC
=UNO  \\$aY
=LAS  \\$aBATCH-UPD$b00$c20210119$lBLL01$h2037

