=LDR  03031 as a2200709 a 4500
=001  016067049
=003  Uk
=005  20140923164024.0
=006  m\\\\\o\\d\\\\\\\\
=007  cr\|||||||||||
=008  040520c20049999nyuqx\\oo\\\\\0\\\a0eng\c
=FMT  \\$a  SE
=010  \\$a  2004215361
=022  0\$a1550-4883$y1550-4875$l1550-4883$21
=035  \\$a(OCoLC)55220671
=040  \\$aNSD$beng$cNSD$dSBH$dNSD$dCFI$dOCLCQ$dTXA$dDLC$dOCLCQ$dOCLCA$dOCLCF$dUk
=042  \\$aukblsr
=050  10$aISSN RECORD
=050  \4$aTK7800$b.A34
=082  04$a006.454$223
=130  0\$aACM transactions on speech and language processing (Online)
=222  \0$aACM transactions on speech and language processing$b(Online)
=245  10$aACM transactions on speech and language processing$h[electronic resource].
=246  1\$iAlso known as:$aTSLP
=246  1\$aAssociation for Computing Machinery transactions on speech and language processing
=246  1\$aTransactions on speech and language processing
=260  \\$aNew York, N.Y. :$bAssociation for Computing Machinery,$cc2004-
=310  \\$aFour no. a year
=336  \\$atext$2rdacontent
=337  \\$acomputer$2rdamedia
=338  \\$aonline resource$2rdacarrier
=362  1\$aBegan with: Vol. 1 (Nov. 2004).
=540  \\$aCurrent copyright fee: GBP10.00$c65\0$5Uk
=580  \\$aMerged with: IEEE transactions on audio, speech and language processing, to become: IEEE/ACM transactions on audio, speech, and language processing.
=590  \\$aRoute FAILED DSC EXTENDED searches to Records Team
=538  \\$aMode of access: World Wide Web.
=588  \\$aDescription based on: Vol. 1 (2004); title from PDF article running title (ACM Portal, viewed Oct. 21, 2010).
=588  \\$aLatest issue consulted: Vol. 7, issue 1 (Aug. 2010) (ACM Portal, viewed Oct. 21, 2010).
=650  \0$aSpeech processing systems$vPeriodicals.
=650  \0$aNatural language processing (Computer science)$vPeriodicals.
=710  2\$aAssociation for Computing Machinery.
=776  08$iPrint version:$tACM transactions on speech and language processing$x1550-4875
=856  \\$31850-9999$uhttp://www.acm.org/$xBLDSS
=856  40$uhttp://portal.acm.org/tslp/
=856  40$uhttp://www.acm.org
=945  \\$aACM transactions on speech and language processing
=979  \\$aBritish Library$bDSC$j0578.675110N
=CAT  \\$a5552$b40$c20120416$lBLL01$h1602
=CAT  \\$a5552$b40$c20120416$lBLL01$h1603
=CAT  \\$a5552$b40$c20120417$lBLL01$h0943
=CAT  \\$aBATCH-UPD$b40$c20121105$lBLL01$h1142
=CAT  \\$a11316$b40$c20140908$lBLL01$h1408
=CAT  \\$a8201$b40$c20140923$lBLL01$h1640
=CAT  \\$aBLDSS-3PM$b00$c20150131$lBLL01$h2314
=CAT  \\$aBATCH-UPD$b00$c20160413$lBLL01$h1826
=CAT  \\$aBATCH-UPD$b00$c20170614$lBLL01$h1618
=CFI  0\$aCurrent copyright fee: GBP10.00$c65\0$e16-apr-2012$fGBP10.00$g0$hP$5Uk
=FFP  \\$aY$bBLDSS-3PM
=SID  \\$aZ39$bOCLC
=TOC  \\$aETOC
=UNO  \\$aY
=LAS  \\$aBATCH-UPD$b00$c20170614$lBLL01$h1618

