=LDR  02741 as a2200673 a 4500
=001  016067241
=003  Uk
=005  20140923164531.0
=006  m\\\\\o\\d\\\\\\\\
=007  cr\cnu||||||||
=008  070306c20099999nyuqr\pso\\\\\0\\\a0eng\c
=FMT  \\$a  SE
=010  \\$a  2007214263
=022  0\$a1936-1963$y1936-1955$21
=035  \\$a(OCoLC)85776286
=040  \\$aNSD$beng$cNSD$dOCLCQ$dHNK$dHUL$dMUQ$dDLC$dOCLCA$dOCLCF$dUK
=042  \\$aukblsr
=050  10$aISSN RECORD
=050  14$aQA76.9.D3$bA2897
=082  04$a005.74$223
=130  0\$aACM journal of data and information quality (Online)
=210  0\$aACM j. data inf. qual.$b(Online)
=222  \0$aACM journal of data and information quality$b(Online)
=245  10$aACM journal of data and information quality$h[electronic resource].
=246  13$aJDIQ
=260  \\$aNew York, N.Y. :$bAssociation for Computing Machinery
=310  \\$aQuarterly
=336  \\$atext$2rdacontent
=337  \\$acomputer$2rdamedia
=338  \\$aonline resource$2rdacarrier
=362  1\$aBegan with Vol. 1, no. 1 (June 2009).
=590  \\$aRoute FAILED DSC EXTENDED searches to Records Team
=540  \\$aCurrent copyright fee: GBP10.00$c65\0$5Uk
=538  \\$aMode of access: World Wide Web
=588  \\$aDescription based on: Vol. 1, no. 1 (June 2009); title from PDF of cover (viewed July 29, 2009).
=588  \\$aLatest issue consulted: Vol. 4, no. 1(October 2012) (ACM Digital Library, viewed Nov. 28, 2012).
=650  \0$aDatabase management$xQuality control$vPeriodicals.
=650  \0$aDatabases$xQuality control$vPeriodicals.
=650  \0$aElectronic data processing$xQuality control$vPeriodicals.
=650  \0$aManagement information systems$xQuality control$vPeriodicals.
=710  2\$aAssociation for Computing Machinery.
=776  08$iAlso available in print:$tACM journal of data and information quality$x1936-1955
=856  \\$31850-9999$uhttp://www.acm.org/$xBLDSS
=856  40$uhttp://dl.acm.org/citation.cfm?id=J1191&picked=prox&cfid=149291921&cftoken=15947048
=945  \\$aJournal of data and information quality
=979  \\$aBritish Library$bDSC$j4967.394000N
=CAT  \\$a5552$b40$c20120417$lBLL01$h0915
=CAT  \\$a5552$b40$c20120417$lBLL01$h0943
=CAT  \\$aBATCH-UPD$b40$c20121105$lBLL01$h1142
=CAT  \\$a8201$b40$c20140923$lBLL01$h1645
=CAT  \\$aBLDSS-3PM$b00$c20150131$lBLL01$h2314
=CAT  \\$aBATCH-UPD$b00$c20160413$lBLL01$h1826
=CAT  \\$aBATCH-UPD$b00$c20161102$lBLL01$h1831
=CFI  0\$aCurrent copyright fee: GBP10.00$c65\0$e17-apr-2012$fGBP10.00$g0$hP$5Uk
=FFP  \\$aY$bBLDSS-3PM
=SID  \\$aZ39$bOCLC
=TOC  \\$aETOC
=UNO  \\$aY
=LAS  \\$aBATCH-UPD$b00$c20161102$lBLL01$h1831

