=LDR  02698 as a2200673 a 4500
=001  016067247
=003  Uk
=005  20140925104629.0
=006  m\\\\\o\\d\\\\\\\\
=007  cr\cnu||||||||
=008  050617c20089999nyuuu\p\o\\\\\0\\\a0eng\c
=FMT  \\$a  SE
=010  \\$a  2005215559
=022  0\$a1556-4711$l1556-4711$y1556-4673$21
=035  \\$a(OCoLC)60664061$z(OCoLC)316182394
=040  \\$aNSD$beng$cNSD$dNSD$dMUQ$dNSD$dWAU$dOCLCS$dDLC$dOCLCQ$dOCLCA$dOCLCF$dUk
=042  \\$aukblsr
=050  10$aISSN RECORD
=050  14$aAZ186
=082  04$a363.690285$223
=130  0\$aJournal on computing and cultural heritage (Online)
=210  0\$aJ. comput. cult. herit.$b(Online)
=222  \0$aJournal on computing and cultural heritage
=245  10$aJournal on computing and cultural heritage$h[electronic resource].
=246  13$aACM journal on computing and cultural heritage
=246  13$aJOCCH
=260  \\$aNew York, NY :$bAssociation for Computing Machinery
=336  \\$atext$2rdacontent
=337  \\$acomputer$2rdamedia
=338  \\$aonline resource$2rdacarrier
=362  1\$aBegan with v. 1, Issue 1 (Jun 2008).
=540  \\$aCurrent copyright fee: GBP10.00$c65\0$5Uk
=590  \\$aRoute FAILED DSC EXTENDED searches to Records Team
=530  \\$aAlso issued in print.
=538  \\$aMode of access: World Wide Web.
=588  \\$aDescription based on: V. 1, Issue 1 (Jun 2008); title from contents page (publisher's Web site, viewed Nov. 11, 2008).
=588  \\$aLatest issue consulted: V. 1, Issue 2 (Oct 2008) (viewed Nov. 11, 2008).
=650  \0$aCultural property$xData processing$vPeriodicals.
=710  2\$aAssociation for Computing Machinery.
=776  1\$tACM journal on computing and cultural heritage$x1556-4673
=856  \\$31850-9999$uhttp://www.acm.org/$xBLDSS
=856  40$uhttp://portal.acm.org/toc.cfm?id=J1157
=856  40$uhttp://rzblx1.uni-regensburg.de/ezeit/warpto.phtml?colors=7&jour_id=108409
=945  \\$aJournal on computing and cultural heritage
=979  \\$aBritish Library$bDSC$j4963.801000N
=CAT  \\$a5552$b40$c20120417$lBLL01$h0917
=CAT  \\$a5552$b40$c20120417$lBLL01$h0942
=CAT  \\$aBATCH-UPD$b40$c20121105$lBLL01$h1142
=CAT  \\$a8201$b40$c20140924$lBLL01$h1500
=CAT  \\$a8201$b40$c20140925$lBLL01$h1046
=CAT  \\$aBLDSS-3PM$b00$c20150131$lBLL01$h2314
=CAT  \\$aBATCH-UPD$b00$c20160413$lBLL01$h1826
=CAT  \\$aBATCH-UPD$b00$c20210119$lBLL01$h2037
=CFI  0\$aCurrent copyright fee: GBP10.00$c65\0$e17-apr-2012$fGBP10.00$g0$hP$5Uk
=FFP  \\$aY$bBLDSS-3PM
=SID  \\$aZ39$bOCLC
=TOC  \\$aETOC
=UNO  \\$aY
=LAS  \\$aBATCH-UPD$b00$c20210119$lBLL01$h2037

