=LDR  02168 as a2200601 a 4500
=001  016067264
=003  Uk
=005  20160928121937.0
=006  m\\\\\o\\d\\\\\\\\
=007  cr\cn|||||||||
=008  000328c20009999nyuwr\pso\\\\\0\\\a0eng\c
=FMT  \\$a  SE
=010  \\$a   00252387 
=022  0\$a1530-2180$l1530-2180$21
=035  \\$a(OCoLC)43723524
=040  \\$aWAU$beng$cWAU$dNSD$dOCLCQ$dOCL$dOCLCQ$dHEBIS$dOCLCQ$dOCLCA$dOCLCF$dUk
=042  \\$aukblsr
=050  14$aT58.5
=082  00$a004.05$223
=130  0\$aUbiquity (Association for Computing Machinery)
=210  0\$aUbiquity - Assoc. Comput. Mach.
=222  \0$aUbiquity - Association for Computing Machinery
=245  10$aUbiquity$h[electronic resource] :$ban ACM IT magazine and forum.
=260  \\$a[New York] :$bACM,$cc2000-
=310  \\$aWeekly
=336  \\$atext$2rdacontent
=337  \\$acomputer$2rdamedia
=338  \\$aonline resource$2rdacarrier
=362  0\$aVol. 1, issue 1 (Feb. 21, 2000)-
=590  \\$aRoute FAILED DSC EXTENDED searches to Records Team
=540  \\$aCurrent copyright fee: GBP10.00$c65\0$5Uk
=500  \\$aTitle from journal home page (viewed Mar. 28, 2000).
=538  \\$aMode of access: World Wide Web.
=588  \\$aLatest issue consulted: Vol. 1, issue 5 (Mar. 21-27, 2000).
=650  \0$aInformation technology$vPeriodicals.
=710  2\$aAssociation for Computing Machinery.
=856  \\$31850-9999$uhttp://www.acm.org/$xBLDSS
=856  40$uhttp://www.acm.org/ubiquity/homepage.html
=945  \\$aUbiquity -New York-
=979  \\$aBritish Library$bDSC$j9079.605100N
=CAT  \\$a5552$b40$c20120417$lBLL01$h0931
=CAT  \\$a5552$b40$c20120417$lBLL01$h0942
=CAT  \\$aBATCH-UPD$b40$c20121105$lBLL01$h1142
=CAT  \\$a8201$b40$c20140924$lBLL01$h1607
=CAT  \\$aBLDSS-3PM$b00$c20150131$lBLL01$h2314
=CAT  \\$aBATCH-UPD$b00$c20160413$lBLL01$h1826
=CAT  \\$a5552$b40$c20160928$lBLL01$h1219
=CFI  0\$aCurrent copyright fee: GBP10.00$c65\0$e17-apr-2012$fGBP10.00$g0$hP$5Uk
=FFP  \\$aY$bBLDSS-3PM
=SID  \\$aZ39$bOCLC
=TOC  \\$aETOC
=UNO  \\$aY
=LAS  \\$a5552$b40$c20160928$lBLL01$h1219

