=LDR  03339 as a2200853 a 4500
=001  016067269
=003  Uk
=005  20140925110937.0
=006  m\\\\\o\\d\\\\\\\\
=007  cr\cnu
=008  981208c19949999nyuqr\pso\\\\\0\\\a0eng\c
=FMT  \\$a  SE
=010  \\$asn 99034535 
=022  0\$a1528-4980$l1528-4972$21
=035  \\$a(OCoLC)ocm40457332
=040  \\$aNBuU$beng$cNBuU$dTNJ$dInU$dNSDP$dOCoLC$dN@F$dOCoLC$dDLC$dOCoLC$dOCLCO$dOCoLC$dUk
=042  \\$aukblsr
=050  00$aQA76.9.H85
=082  04$a004.019$223
=130  0\$aCrossroads (Association for Computing Machinery : Online)
=210  0\$aCrossroads$b(Assoc. Comput. Mach., Online)
=222  \0$aCrossroads$b(Association for Computing Machinery. Online)
=245  10$aCrossroads$h[electronic resource].
=246  13$aACM crossroads
=246  13$aACM crossroads student magazine
=246  1\$iIssues for <summer 2010-> have title:$aXRDS
=260  \\$aNew York, N.Y. :$bAssociation for Computing Machinery
=260  \\$aNew York, N.Y. :$bAssociation for Computing Machinery,$c1994-
=310  \\$aQuarterly
=336  \\$atext$2rdacontent
=337  \\$acomputer$2rdamedia
=338  \\$aonline resource$2rdacarrier
=362  0\$a1.1 (Sept. 1994)-
=590  \\$aRoute FAILED DSC EXTENDED searches to Records Team
=540  \\$aCurrent copyright fee: GBP10.00$c65\0$5Uk
=500  \\$aEach issue has also a theme title.
=500  \\$a"The ACM student magazine."
=500  \\$a"The ACM's first electronic publication."
=500  \\$aTitle from title screen (publisher's Web site, viewed Mar. 9, 1999).
=515  \\$aIssues for Sept. 1994- called also: Issue 1.1-
=515  \\$aIssues for fall 1996- carry seasonal rather than monthly designation.
=530  \\$aAlso issued in print.
=538  \\$aMode of access: World Wide Web.
=580  \\$aAlso issued in a Spanish language ed.
=588  \\$aLatest issue consulted: 8.4 (summer 2002) (publisher's Web site, viewed Feb. 17, 2004).
=650  \0$aHuman-computer interaction$vPeriodicals.
=650  \0$aArtificial intelligence$vPeriodicals.
=650  \0$aVirtual reality$vPeriodicals.
=650  \0$aElectronic digital computers$vPeriodicals.
=650  \0$aElectronic data processing$vPeriodicals.
=650  \0$aComputers$vPeriodicals.
=650  \0$aComputer programming$vPeriodicals.
=710  2\$aAssociation for Computing Machinery.
=776  1\$tCrossroads (Association for Computing Machinery)$x1528-4972
=856  \\$31850-9999$uhttp://www.acm.org/$xBLDSS
=856  40$uhttp://www.acm.org/crossroads/
=856  40$uhttp://xrds.acm.org/
=945  \\$aXRDS
=979  \\$aBritish Library$bDSC$j9367.099870N
=985  \\$eeserial 200406
=CAT  \\$a5552$b40$c20120417$lBLL01$h0941
=CAT  \\$a5552$b40$c20120417$lBLL01$h0942
=CAT  \\$a5552$b40$c20120423$lBLL01$h0842
=CAT  \\$aBATCH-UPD$b40$c20121105$lBLL01$h1142
=CAT  \\$a8201$b40$c20140925$lBLL01$h1109
=CAT  \\$aBLDSS-3PM$b00$c20150131$lBLL01$h2314
=CAT  \\$aBATCH-UPD$b00$c20160413$lBLL01$h1826
=CAT  \\$aBATCH-UPD$b00$c20181024$lBLL01$h1818
=CFI  0\$aCurrent copyright fee: GBP10.00$c65\0$e17-apr-2012$fGBP10.00$g0$hP$5Uk
=FFP  \\$aY$bBLDSS-3PM
=SID  \\$aZ39$bLOC
=TOC  \\$aETOC
=UNO  \\$aY
=LAS  \\$aBATCH-UPD$b00$c20181024$lBLL01$h1818

