=LDR  03288cas a22007817a 4500
=001  016067388
=003  Uk
=005  20230511163038.0
=006  m\\\\\\\\d\|\\\\\\
=007  cr||||||||||||
=008  120417d19811996enkqr\\\o\\\\\0\\\a0eng\\
=FMT  \\$a  SE
=022  0\$a2160-0309$202
=040  \\$aUk$beng$cUk
=042  \\$aissnuk
=082  04$a363.2$220
=222  \0$aAmerican journal of police$b(Online)
=245  00$aAmerican journal of police$h[electronic resource].
=260  \\$aBingley :$bEmerald
=310  \\$aQuarterly
=336  \\$atext$2rdacontent
=337  \\$acomputer$2rdamedia
=338  \\$aonline resource$2rdacarrier
=580  \\$aMerged with: Police studies; to form: Policing (Bradford, England).
=540  \\$aCurrent Copyright Fee: GBP30.00$c25\0$5Uk
=776  0\$tAmerican journal of police$x0735-8547
=785  17$tPolice studies (Online)$x2054-5630
=785  17$tPolicing (Bingley. Online)$x1758-695X
=856  \\$31850-9999$uhttp://www.emeraldinsight.com/$xBLDSS
=856  40$uhttp://www.emeraldinsight.com/0735-8547.htm
=985  \\$aISSN responsibility transferred to ISSN UK Centre from U.S. Center - 17/4/2012.
=985  \\$aISSN description based on: Vol 15, issue 4 (1996) (Emerald, viewed Apr. 17, 2012).
=CAT  \\$a11316$b40$c20120417$lBLL01$h1220
=CAT  \\$aBATCH-CLA$b00$c20121130$lBLL01$h1242
=CAT  \\$aIPL-CLA$c20121231$lBLL01$h1335
=CAT  \\$aIPL-CLA$c20130102$lBLL01$h1815
=CAT  \\$aBATCH-CLA$b00$c20130228$lBLL01$h1711
=CAT  \\$aIPL-CLA$c20130331$lBLL01$h1100
=CAT  \\$a540_fix$c20130403$lBLL01$h2018
=CAT  \\$aBATCH-CLA$b00$c20130531$lBLL01$h1647
=CAT  \\$aIPL-CLA$c20130701$lBLL01$h0151
=CAT  \\$aBATCH-CLA$b00$c20130830$lBLL01$h1629
=CAT  \\$aIPL-CLA$c20130930$lBLL01$h1814
=CAT  \\$aBATCH-CLA$b00$c20131129$lBLL01$h1658
=CAT  \\$aIPL-CLA$c20140101$lBLL01$h0158
=CAT  \\$aBATCH-CLA$b00$c20140228$lBLL01$h1617
=CAT  \\$aIPL-CLA$c20140331$lBLL01$h1640
=CAT  \\$aBATCH-CLA$b00$c20140530$lBLL01$h1714
=CAT  \\$aIPL-CLA$c20140630$lBLL01$h1755
=CAT  \\$a10806$b40$c20151214$lBLL01$h1336
=CAT  \\$a12654$b40$c20190531$lBLL01$h0914
=CAT  \\$a12654$b40$c20190531$lBLL01$h0923
=CAT  \\$aBLDSS-3PM$b00$c20190604$lBLL01$h1341
=CAT  \\$aBATCH-UPD$b00$c20190604$lBLL01$h1341
=CAT  \\$aBATCH-UPD$b00$c20190604$lBLL01$h2334
=CAT  \\$aBATCH-FIX$c20230511$lBLL01$h1630
=CFI  0\$aCurrent Copyright Fee: GBP30.00$c25\0$e31-may-2019$fGBP30.00$g0$hP$5Uk
=CFI  2\$aBritish Library not licensed to copy$c0$e01-jul-2014$hC$iCFP Excluded$5Uk
=FFP  \\$aY$bBLDSS-3PM
=FIN  \\$aY$d20120417
=UNO  \\$aY
=ACF  \\$aBritish Library not licensed to copy$c0$e01-apr-2014$hC$iCFP Excluded$5Uk
=ACF  \\$aBritish Library not licensed to copy$c0$e01-jan-2013$hC$iCFP Excluded$5Uk
=ACF  \\$aBritish Library not licensed to copy$c0$e01-apr-2013$hC$iCFP Excluded$5Uk
=ACF  \\$aBritish Library not licensed to copy$c0$e01-jul-2013$hC$iCFP Excluded$5Uk
=ACF  \\$aBritish Library not licensed to copy$c0$e01-oct-2013$hC$iCFP Excluded$5Uk
=ACF  \\$aBritish Library not licensed to copy$c0$e01-jan-2014$hC$iCFP Excluded$5Uk
=LAS  \\$aBATCH-FIX$b00$c20230511$lBLL01$h1630

