=LDR  04009cas a22008777i 4500
=001  016161289
=003  Uk
=005  20230426111039.0
=006  m\\\\\\\\d\|\\\\\\
=007  cr||||||||||||
=008  120904d19221957enk\x\p\o\\\\\0\\\a0eng\\
=FMT  \\$a  SE
=022  0\$a2051-1973$202
=040  \\$aUk$beng$cUk$erda
=042  \\$aissnuk
=082  04$a550.5$223
=222  \0$aGeophysical supplements to the monthly notices of the Royal Astronomical Society$b(Online)
=245  00$aGeophysical supplements to the monthly notices of the Royal Astronomical Society.
=246  15$aMonthly notices of the Royal Astronomical Society.$pGeophysical supplement
=264  \1$aLondon :$bRoayal Astronomical Society,$c1922-1957.
=336  \\$atext$2rdacontent
=337  \\$acomputer$2rdamedia
=338  \\$aonline resource$2rdacarrier
=533  \\$aElectronic reproduction.$bOxford :$cOxford University Press$d2013.
=540  \\$aCurrent Copyright Fee: GBP13.00$c29\0$5Uk
=710  2\$aRoyal Astronomical Society,$eissuing body.
=776  08$iAlso issued in print as:$tGeophysical supplements to the Monthly notices of the Royal Astronomical Society$x2051-1965
=785  00$tGeophysical journal of the Royal Astronomical Society (Online)
=856  \\$31850-9999$uhttp://www.oxfordjournals.org/en/$xBLDSS
=856  40$uhttp://gsmnras.oxfordjournals.org/
=945  \\$aMONTHLY NOTICES- ROYAL ASTRONOMICAL SOCIETY GEOPHYSICAL SUPPLEMENT.
=979  \\$aBritish Library$bDSC$j5944.000000
=985  \\$aISSN RDA COMPLETION - TO BE CATALOGUED BY RDA TRAINED CATALOGUERS.
=CAT  \\$a10806$b40$c20120904$lBLL01$h1110
=CAT  \\$aBATCH-UPD$b00$c20160525$lBLL01$h0055
=CAT  \\$a5552$b40$c20161111$lBLL01$h0906
=CAT  \\$a10806$b40$c20161122$lBLL01$h1307
=CAT  \\$aBATCH-UPD$b40$c20161122$lBLL01$h1522
=CAT  \\$aIPL-CLA$c20161231$lBLL01$h0005
=CAT  \\$aBATCH-CLA$b00$c20170321$lBLL01$h1725
=CAT  \\$aIPL-CLA$c20170331$lBLL01$h1914
=CAT  \\$a5552$b40$c20170519$lBLL01$h1542
=CAT  \\$a5410$b40$c20170530$lBLL01$h1143
=CAT  \\$aBATCH-UPD$b40$c20170904$lBLL01$h2058
=CAT  \\$aIPL-CLA$c20170929$lBLL01$h1800
=CAT  \\$aBATCH-CLA$b00$c20171221$lBLL01$h1321
=CAT  \\$aIPL-CLA$c20171231$lBLL01$h1815
=CAT  \\$a10969$b40$c20180518$lBLL01$h1828
=CAT  \\$aBATCH-UPD$b40$c20181217$lBLL01$h1653
=CAT  \\$aIPL-CLA$c20181231$lBLL01$h1552
=CAT  \\$a5552$b40$c20191120$lBLL01$h0803
=CAT  \\$aIPL-CLA$c20191231$lBLL01$h2032
=CAT  \\$aBATCH-UPD$b00$c20220308$lBLL01$h1739
=CAT  \\$aIPL-CLA$c20220331$lBLL01$h1952
=CAT  \\$aS2302-1302$c20230322$lBLL01$h1708
=CAT  \\$aS2302-1302$c20230323$lBLL01$h1443
=CAT  \\$aIPL-CLA$c20230331$lBLL01$h1547
=CAT  \\$aS2304-0519$c20230412$lBLL01$h1140
=CAT  \\$aBATCH-SUPP$c20230426$lBLL01$h1110
=CFI  0\$aCurrent Copyright Fee: GBP13.00$c29\0$e01-apr-2023$fGBP13.00$g0$hP$5Uk
=CFI  2\$aPrevious copyright fee: GBP11.00$c29\0$e01-apr-2022$fGBP11.00$g0$hP$5Uk
=FFP  \\$aY$bBLDSS-3PM
=FIN  \\$aY$d20130918
=LET  \0$aGeophysical supplements to the monthly notices of the Royal Astronomical Society (Electronic)
=MNI  \\$a2051-1965
=TOC  \\$aETOC
=UNO  \\$aY
=ACF  \\$aPrevious copyright fee: GBP23.00$c29\0$e01-jan-2015$fGBP23.00$g0$hP$5Uk
=ACF  \\$aPrevious copyright fee: GBP24.00$c29\0$e01-jan-2016$fGBP24.00$g0$hP$5Uk
=ACF  \\$aPrevious copyright fee: GBP26.00$c29\0$e01-jan-2017$fGBP26.00$g0$hP$5Uk
=ACF  \\$aPrevious copyright fee: GBP24.00$c7\0$e01-apr-2017$fGBP24.00$g0$hP$5Uk
=ACF  \\$aPrevious copyright fee: GBP23.08$c7\0$e01-oct-2017$fGBP23.08$g0$hP$5Uk
=ACF  \\$aPrevious copyright fee: GBP27.00$c29\0$e01-jan-2018$fGBP27.00$g0$hP$5Uk
=ACF  \\$aPrevious copyright fee: GBP28.00$c29\0$e01-jan-2019$fGBP28.00$g0$hP$5Uk
=ACF  \\$aPrevious copyright fee: GBP10.00$c29\0$e01-jan-2020$fGBP10.00$g0$hP$5Uk
=LAS  \\$aBATCH-SUPP$b00$c20230426$lBLL01$h1110

