=LDR  03150cas a22006857a 4500
=001  016164994
=003  Uk
=005  20221231231719.0
=006  m\\\\\\\\d\|\\\\\\
=007  cr||||||||||||
=008  120906d20122014enkfr\p\o\\\\\0\\\a0eng\\
=FMT  \\$a  SE
=022  0\$a2051-0888$202
=040  \\$aUk$beng$cUk
=042  \\$aissnuk
=222  \0$aHealth and social care education$b(Online)
=245  00$aHealth and social care education$h[electronic resource].
=260  \\$aYork :$bHigher Education Academy
=310  \\$aSemiannual
=336  \\$atext$2rdacontent
=337  \\$acomputer$2rdamedia
=338  \\$aonline resource$2rdacarrier
=362  1\$aBegan in 2012. Ceased in 2014.
=580  \\$aMerged with: Business and management education in HE, and : Engineering education, and: Bioscience education e-journal, and: Enhancing learning in the social sciences, and: Journal for Education in the built environment, and: Planet, and: Innovation in teaching and learning in information and computer sciences, to form: Higher education pedagogies.
=540  \\$aCurrent copyright fee: GBP37.00$c2\0$5Uk
=776  08$iAlso issued in print as:$tHealth and social care education$x2051-6487
=785  17$tHigher education pedagogies$x2375-2696
=785  17$tEngineering education$x1750-0052
=785  17$tBusiness and management education in HE$x2052-3963
=785  17$tBioscience education e-journal$x1479-7860
=785  17$tEnhancing learning in the social sciences$x1756-848X
=785  17$tJournal for education in the built environment$x1747-4205
=785  17$tPlanet$x1758-3608
=785  17$tInnovation in teaching and learning in information and computer sciences
=856  \\$31850-9999$uhttp://www.tandfonline.com/$xBLDSS
=856  40$uhttp://www.heacademy.ac.uk/journals/hsc-education
=979  \\$aBritish Library$bDSC$j4274.873900N
=985  \\$aISSN description based on: Issue 1 (winter 2012). Title from pdf, viewed via publishers website 12.11.12
=CAT  \\$a7152$b40$c20120906$lBLL01$h1052
=CAT  \\$a10973$b40$c20121112$lBLL01$h1123
=CAT  \\$a10973$b40$c20121112$lBLL01$h1124
=CAT  \\$a11315$b40$c20130315$lBLL01$h1010
=CAT  \\$a5997$b40$c20130402$lBLL01$h0832
=CAT  \\$a5997$b40$c20130415$lBLL01$h1302
=CAT  \\$a5110$b40$c20170123$lBLL01$h1224
=CAT  \\$a12654$b40$c20200930$lBLL01$h0847
=CAT  \\$a12654$b40$c20200930$lBLL01$h0855
=CAT  \\$aBLDSS-3PM$b00$c20201015$lBLL01$h0928
=CAT  \\$aBATCH-UPD$b00$c20201015$lBLL01$h1019
=CAT  \\$aBATCH-UPD$b00$c20201118$lBLL01$h1336
=CAT  \\$aIPL-CLA$c20201231$lBLL01$h2334
=CAT  \\$aBATCH-UPD$b00$c20221121$lBLL01$h1349
=CAT  \\$aIPL-CLA$c20221231$lBLL01$h2317
=CFI  0\$aCurrent copyright fee: GBP37.00$c2\0$e01-jan-2023$fGBP37.00$g0$hP$5Uk
=CFI  2\$aPrevious copyright fee: GBP35.00$c2\0$e01-jan-2021$fGBP35.00$g0$hP$5Uk
=FFP  \\$aY$bBLDSS-3PM
=FIN  \\$aY$d20121112
=LET  \0$aHealth and social care education (Electronic)
=ACF  \\$aPrevious copyright fee: GBP34.00$c2\0$e30-sep-2020$fGBP34.00$g0$hP$5Uk
=LAS  \\$aIPL-CLA$b00$c20221231$lBLL01$h2317

