=LDR  02609 as a22005897a 4500
=001  016169301
=003  Uk
=005  20180601135100.0
=006  m\\\\\\\\d\|\\\\\\
=007  cr||||||||||||
=008  120912d19681972enkbr\p\o\\\\\0\\\a0eng\\
=FMT  \\$a  SE
=022  0\$a2051-2155$202
=040  \\$aUk$beng$cUk
=042  \\$aissnuk
=210  0\$aJ. phys., A Proc. Phys. Soc., Gen.$b(Online)
=222  \0$aJournal of physics. A, Proceedings of the Physical Society. General$b(Online)
=245  00$aJournal of physics.$nA,$pGeneral physics$h[electronic resource].
=246  10$aGeneral physics
=246  10$aProceedings of the Physical Society. General
=260  \\$aLondon :$bInstitute of Physics and The Physical Society,$c1968-1972.
=310  \\$aMonthly,$b1972
=321  \\$aSix no. a year,$b1968-1971.
=336  \\$atext$2rdacontent
=337  \\$acomputer$2rdamedia
=338  \\$aonline resource$2rdacarrier
=500  \\$aTo vol. 4,no. 1, issued by the Institute of Physics and the Physical Society.
=500  \\$aVol. 1 also entitled "Proceedings of the Physical Society (General)".
=540  \\$aCurrent Copyright Fee: GBP30.00$c77\0$5Uk
=710  2\$aInstitute of Physics and the Physical Society.
=710  2\$aInstitute of Physics (Great Britain)
=776  0\$tJournal of physics. A, Proceedings of the Physical Society. General$x0022-3689
=780  01$tProceedings of the Physical Society (1958. Online)
=785  00$tJournal of physics. A. Mathematical nuclear and general (Online)$x2051-2163
=787  0\$tJournal of physics. B, Proceedings of the Physical Society. Atomic and molecular physics (Online)
=787  0\$tJournal of physics. C, Proceedings of the Physical Society. Solid state physics (Online)
=856  \\$31850-9999$uhttp://www.iop.org/$xBLDSS
=856  40$uhttp://iopscience.iop.org/0022-3689
=985  \\$aISSN description based on: Print record and latest issue consulted: Vol. 5, no. 12 (Dec. 1972) (IOP Science, viewed Sept. 12, 2012).
=985  \\$aISSN RECORD FOR DIGITAL REPRODUCTION ONLY.
=CAT  \\$a11316$b40$c20120912$lBLL01$h1220
=CAT  \\$a11316$b40$c20120912$lBLL01$h1228
=CAT  \\$a5552$b40$c20180601$lBLL01$h0827
=CAT  \\$a5552$b40$c20180601$lBLL01$h1351
=CAT  \\$aIPL-CLA$c20180630$lBLL01$h1936
=CAT  \\$aBLDSS-3PM$b00$c20180723$lBLL01$h1540
=CAT  \\$aBATCH-UPD$b00$c20180723$lBLL01$h1549
=CFI  0\$aCurrent Copyright Fee: GBP30.00$c77\0$e01-jul-2018$fGBP30.00$g0$hP$5Uk
=FFP  \\$aY$bBLDSS-3PM
=FIN  \\$aY$d20120912
=UNO  \\$aY
=LAS  \\$aBATCH-UPD$b00$c20180723$lBLL01$h1549

