=LDR  02064 as a22005057a 4500
=001  016169334
=003  Uk
=005  20180601135029.0
=006  m\\\\\\\\d\|\\\\\\
=007  cr||||||||||||
=008  120912d19731974enkmx\p\o\\\\\0\\\a0eng\\
=FMT  \\$a  SE
=022  0\$a2051-2163$202
=040  \\$aUk$beng$cUk
=042  \\$aissnuk
=210  0\$aJ. phys., A Math. nucl. gen.$b(Online)
=222  \0$aJournal of physics. A, Mathematical nuclear and general$b(Online)
=245  00$aJournal of physics.$pA,$pMathematical, nuclear and general$h[electronic resource].
=260  \\$aLondon :$bInstitute of Physics,$c1973-1974.
=336  \\$atext$2rdacontent
=337  \\$acomputer$2rdamedia
=338  \\$aonline resource$2rdacarrier
=540  \\$aCurrent Copyright Fee: GBP30.00$c77\0$5Uk
=710  2\$aInstitute of Physics (Great Britain)
=776  0\$tJournal of physics. A, Mathematical nuclear and general$x0301-0015
=780  00$tJournal of physics. A. General physics (Online)$x2051-2155
=785  16$tJournal of physics A. Mathematical and general (Online)$x1361-6447
=785  16$tJournal of physics G. Nuclear physics (Online)$x2057-763X
=856  \\$31850-9999$uhttp://www.iop.org/$xBLDSS
=856  40$uhttp://iopscience.iop.org/0301-0015/
=985  \\$aISSN description based on: Print record and latest issue consulted: Vol. 7, no. 18 (Dec. 1974) (IOP Science, viewed Sept. 12, 2012).
=985  \\$aISSN RECORD FOR DIGITAL REPRODUCTION.
=CAT  \\$a11316$b40$c20120912$lBLL01$h1331
=CAT  \\$a11316$b40$c20150109$lBLL01$h1438
=CAT  \\$a5552$b40$c20180601$lBLL01$h0830
=CAT  \\$a5552$b40$c20180601$lBLL01$h1350
=CAT  \\$aIPL-CLA$c20180630$lBLL01$h1936
=CAT  \\$aBATCH-UPD$b00$c20180704$lBLL01$h0024
=CAT  \\$aBLDSS-3PM$b00$c20180723$lBLL01$h1540
=CAT  \\$aBATCH-UPD$b00$c20180723$lBLL01$h1549
=CFI  0\$aCurrent Copyright Fee: GBP30.00$c77\0$e01-jul-2018$fGBP30.00$g0$hP$5Uk
=FFP  \\$aY$bBLDSS-3PM
=FIN  \\$aY$d20120912
=UNO  \\$aY
=LAS  \\$aBATCH-UPD$b00$c20180723$lBLL01$h1549

