=LDR  01999 as a22005057a 4500
=001  016169390
=003  Uk
=005  20180601140552.0
=006  m\\\\\\\\d\|\\\\\\
=007  cr||||||||||||
=008  120912d19261948enkmr\p\o\\\\\0\\\a0eng\\
=FMT  \\$a  SE
=022  0\$a2051-2171$202
=040  \\$aUk$beng$cUk$dUk
=042  \\$aissnuk
=210  0\$aProc. Phys. Soc.$b(1926. Online)
=222  \0$aProceedings of the Physical Society$b(1926. Online)
=245  00$aProceedings of the Physical Society$h[electronic resource].
=260  \\$aLondon :$bPhysical Society,$c1926-1948.
=336  \\$atext$2rdacontent
=337  \\$acomputer$2rdamedia
=338  \\$aonline resource$2rdacarrier
=540  \\$aCurrent Copyright Fee: GBP30.00$c77\0$5Uk
=710  2\$aPhysical Society (Great Britain)
=776  0\$tProceedings of the Physical Society$c(1926)$x0959-5309
=780  00$tProceedings of the Physical Society of London (Online)$x1747-3845
=780  05$tTransactions of the Optical Society$x1747-3853
=785  06$tProceedings of the Physical Society. Section A (Online)$x1747-3829
=785  06$tProceedings of the Physical Society. Section B (Online)$x1747-3837
=856  \\$31850-9999$uhttp://www.iop.org/$xBLDSS
=856  40$uhttp://iopscience.iop.org/0959-5309/
=985  \\$aISSN description based on: ISSN Print record and Vol. 61 (1948) (IOP Science viewed Sept. 12, 2012).
=985  \\$aISSN RECORD FOR DIGITAL REPRODUCTION.
=CAT  \\$a11316$b40$c20120912$lBLL01$h1426
=CAT  \\$a11316$b40$c20141106$lBLL01$h1442
=CAT  \\$a5552$b40$c20180601$lBLL01$h0907
=CAT  \\$a5552$b40$c20180601$lBLL01$h1405
=CAT  \\$aIPL-CLA$c20180630$lBLL01$h1936
=CAT  \\$aBLDSS-3PM$b00$c20180723$lBLL01$h1540
=CAT  \\$aBATCH-UPD$b00$c20180723$lBLL01$h1549
=CFI  0\$aCurrent Copyright Fee: GBP30.00$c77\0$e01-jul-2018$fGBP30.00$g0$hP$5Uk
=FFP  \\$aY$bBLDSS-3PM
=FIN  \\$aY$d20120912
=UNO  \\$aY
=LAS  \\$aBATCH-UPD$b00$c20180723$lBLL01$h1549

