=LDR  01516 as a22004577a 4500
=001  016171328
=003  Uk
=005  20180802140822.0
=006  m\\\\\\\\d\|\\\\\\
=007  cr||||||||||||
=008  120918c19789999enkfr\p\o\\\\\0\\\a0eng\\
=FMT  \\$a  SE
=022  0\$a2051-2996$202
=040  \\$aUk$beng$cUk
=042  \\$aissnuk
=210  0\$aPolis$b(Online)
=222  \0$aPolis$b(Online)
=245  00$aPolis$h[electronic resource].
=260  \\$aExeter :$bImprint Academic
=336  \\$atext$2rdacontent
=337  \\$acomputer$2rdamedia
=338  \\$aonline resource$2rdacarrier
=540  \\$aCurrent Copyright Fee: GBP22.00$c74\0$5Uk
=776  0\$tPolis$x0142-257X
=856  \\$31850-9999$uhttp://booksandjournals.brillonline.com/$xBLDSS
=856  40$uhttp://www.ingentaconnect.com/content/imp/pol
=945  \\$aPolis -Swansea Then New York Then Exeter-.
=979  \\$aBritish Library$bDSC$j6543.507000N
=985  \\$aISSN description based on: Vol. 15, no. 1/2 (1998) (IngentaConnect, viewed Sept. 18, 2012).
=CAT  \\$a11316$b40$c20120918$lBLL01$h1028
=CAT  \\$a5552$b40$c20180802$lBLL01$h1408
=CAT  \\$aBLDSS-3PM$b00$c20180806$lBLL01$h1110
=CAT  \\$aBATCH-UPD$b00$c20180806$lBLL01$h1111
=CFI  0\$aCurrent copyright fee: GBP22.00$c74\0$e02-aug-2018$fGBP22.00$g0$hP$5Uk
=FFP  \\$aY$bBLDSS-3PM
=FIN  \\$aY$d20120918
=LET  \0$aPolis (Electronic)
=MNI  \\$a0142-257X
=TOC  \\$aETOC
=UNO  \\$aY
=LAS  \\$aBATCH-UPD$b00$c20180806$lBLL01$h1111

