=LDR  03129cas a22007337a 4500
=001  016179597
=003  Uk
=005  20230930081016.0
=006  m\\\\\\\\d\|\\\\\\
=007  cr||||||||||||
=008  121001d19882004enktr\p\o\\\\\0\\\a0eng\\
=FMT  \\$a  SE
=022  0\$a2051-3119$202
=040  \\$aUk$beng$cUk
=042  \\$aissnuk
=222  \0$aBritish journal of theological education$b(Online)
=245  00$aBritish journal of theological education$h[electronic resource].
=260  \\$aSheffield :$bEquinox
=310  \\$aTwo issues yearly
=336  \\$atext$2rdacontent
=337  \\$acomputer$2rdamedia
=338  \\$aonline resource$2rdacarrier
=540  \\$aCurrent copyright fee: GBP37.00$c2\0$5Uk
=776  0\$tBritish journal of theological education$x1352-741X
=785  00$tJournal of adult theological education$c(Online)$x1743-1654
=856  \\$31850-9999$uhttp://maneypublishing.com/$xBLDSS
=856  40$uhttp://www.equinoxpub.com/JATE/issue/archive
=945  \\$aBRITISH JOURNAL OF THEOLOGICAL EDUCATION.
=979  \\$aBritish Library$cDSC$j2325.800000N
=985  \\$aISSN description based on: 11.1 (2000) ; title from table of contents page (publisher's Web site, viewed Oct. 1, 2012).
=CAT  \\$a11316$b40$c20121001$lBLL01$h1347
=CAT  \\$a5552$b40$c20130828$lBLL01$h0925
=CAT  \\$aBLDSS-3PM$b00$c20141208$lBLL01$h1628
=CAT  \\$aBATCH-UPD$b00$c20151119$lBLL01$h1603
=CAT  \\$aIPL-CLA$c20151231$lBLL01$h1934
=CAT  \\$aBATCH-UPD$b00$c20160413$lBLL01$h1826
=CAT  \\$aBATCH-UPD$b00$c20161122$lBLL01$h1543
=CAT  \\$aBATCH-UPD$b00$c20161122$lBLL01$h1820
=CAT  \\$a5552$b40$c20161212$lBLL01$h1102
=CAT  \\$aIPL-CLA$c20161231$lBLL01$h0006
=CAT  \\$a5410$b40$c20170317$lBLL01$h1525
=CAT  \\$a5552$b40$c20190111$lBLL01$h1342
=CAT  \\$aBATCH-UPD$b40$c20191122$lBLL01$h1921
=CAT  \\$aIPL-CLA$c20191231$lBLL01$h2032
=CAT  \\$aBATCH-UPD$b00$c20201118$lBLL01$h1355
=CAT  \\$aIPL-CLA$c20201231$lBLL01$h1532
=CAT  \\$aBATCH-UPD$b00$c20221121$lBLL01$h1430
=CAT  \\$aIPL-CLA$c20221231$lBLL01$h1451
=CAT  \\$aR2308-1440$c20230824$lBLL01$h0930
=CAT  \\$aIPL-CLA$c20230930$lBLL01$h0810
=CFI  0\$aCurrent copyright fee: GBP37.00$c2\0$e01-oct-2023$fGBP37.00$g0$hP$5Uk
=CFI  2\$aPrevious copyright fee: GBP37.00$c47\0$e01-jan-2023$fGBP37.00$g0$hP$5Uk
=FFP  \\$aY$bBLDSS-3PM
=FIN  \\$aY$d20121001
=LET  \0$aBritish journal of theological education (Electronic)
=MNI  \\$a1352-741X
=TOC  \\$aETOC
=ACF  \\$aPrevious Copyright Fee: GBP25.00$c47\0$e28-aug-2013$fGBP25.00$g0$hP$5Uk
=ACF  \\$aPrevious copyright fee: GBP28.00$c47\0$e01-jan-2017$fGBP28.00$g0$hP$5Uk
=ACF  \\$aPrevious copyright fee: GBP26.00$c47\0$e01-jan-2016$fGBP26.00$g0$hP$5Uk
=ACF  \\$aPrevious copyright fee: GBP32.00$c47\0$e11-jan-2019$fGBP32.00$g0$hP$5Uk
=ACF  \\$aPrevious copyright fee: GBP34.00$c47\0$e01-jan-2020$fGBP34.00$g0$hP$5Uk
=ACF  \\$aPrevious copyright fee: GBP35.00$c47\0$e01-jan-2021$fGBP35.00$g0$hP$5Uk
=LAS  \\$aIPL-CLA$b00$c20230930$lBLL01$h0810

