=LDR  02082 as a22005417a 4500
=001  016180740
=003  Uk
=005  20160930154026.0
=006  m\\\\\\\\d\|\\\\\\
=007  cr||||||||||||
=008  121002c19909999enk\x\m\o\\\\\0\\\a0eng\\
=FMT  \\$a  SE
=022  0\$a2051-3127$202
=040  \\$aUk$beng$cUk
=042  \\$aissnuk
=130  0\$aAdvances in educational administration (Online)
=222  \0$aAdvances in educational administration$b(Online)
=245  10$aAdvances in educational administration$h[electronic resource].
=260  \\$aBingley :$bEmerald Group
=336  \\$atext$2rdacontent
=337  \\$acomputer$2rdamedia
=338  \\$aonline resource$2rdacarrier
=540  \\$aCurrent copyright fee: GBP30.00$c25\0$5Uk
=776  0\$tAdvances in educational administration$x1479-3660
=856  \\$31850-9999$uhttp://www.emeraldinsight.com/$xBLDSS
=856  40$uhttp://www.emeraldinsight.com/books.htm?issn=1479-3660
=945  \\$aAdvances in educational administration
=979  \\$aBritish Library$cDSC$j0704.585000
=985  \\$aISSN description based on: Vol. 6 ; title from contents page (Emerald, viewed Oct. 2, 2012).
=CAT  \\$a11316$b40$c20121002$lBLL01$h0908
=CAT  \\$a11316$b40$c20121002$lBLL01$h0909
=CAT  \\$a11315$b40$c20121116$lBLL01$h1141
=CAT  \\$a5552$b40$c20140331$lBLL01$h0848
=CAT  \\$aBLDSS-3PM$b00$c20141121$lBLL01$h1853
=CAT  \\$aBATCH-UPD$b00$c20151109$lBLL01$h1748
=CAT  \\$aIPL-CLA$c20151109$lBLL01$h1813
=CAT  \\$aBATCH-UPD$b00$c20160413$lBLL01$h1826
=CAT  \\$aBATCH-UPD$b00$c20160524$lBLL01$h2215
=CAT  \\$aBATCH-UPD$b00$c20160525$lBLL01$h0055
=CAT  \\$a5552$b40$c20160930$lBLL01$h1540
=CFI  0\$aCurrent copyright fee: GBP30.00$c25\0$e09-nov-2015$fGBP30.00$g0$hP$5Uk
=CFI  2\$aPrevious copyright fee: GBP20.00$c25\0$e31-mar-2014$fGBP20.00$g0$hP$5Uk
=FFP  \\$aY$bBLDSS-3PM
=FIN  \\$aY$d20121002
=LET  \0$aAdvances in educational administration (Electronic)
=TOC  \\$aETOC
=UNO  \\$aY
=LAS  \\$a5552$b40$c20160930$lBLL01$h1540

