=LDR  02557 as a22005657a 4500
=001  016180937
=003  Uk
=005  20170505152715.0
=006  m\\\\\\\\d\|\\\\\\
=007  cr||||||||||||
=008  121002d19972006enkbn\p\o\\\\\0\\\a0eng\\
=FMT  \\$a  SE
=022  0\$a2051-3135$202
=040  \\$aUk$beng$cUk
=042  \\$aissnuk
=222  \0$aInternational journal of health care quality assurance incorporating leadership in health services$b(Online)
=245  00$aInternational journal of health care quality assurance incorporating leadership in health services$h[electronic resource].
=246  1\$iHome page title:$aLeadership in health services
=260  \\$a[Bradford] :$bMCB University Press
=310  \\$aSeven issues yearly
=336  \\$atext$2rdacontent
=337  \\$acomputer$2rdamedia
=338  \\$aonline resource$2rdacarrier
=540  \\$aCurrent Copyright Fee: GBP30.00$c25\0$5Uk
=776  0\$tInternational journal of health care quality assurance incorporating leadership in health services$x1366-0756
=785  00$tLeadership in health services (2007. Online)$x1751-1887
=787  0\$tInternational journal of health care quality assurance (Online)$x1758-6542
=856  \\$31850-9999$uhttp://www.emeraldinsight.com/$xBLDSS
=856  40$uhttp://www.emeraldinsight.com/journals.htm?issn=1751-1879
=945  \\$aInternational journal of health care quality assurance incorporating leadership in health services.
=979  \\$aBritish Library$bDSC$j4542.275600
=985  \\$aISSN description based on: Wendy Young, Peter C. Coyte, (1997),"Applied home care research", Leadership in Health Services, Vol. 10, issue 1 (1997) p. 1 - 4 ; title from pdf running title (Emerald, viewed Oct. 2, 2012).
=CAT  \\$a11316$b40$c20121002$lBLL01$h1207
=CAT  \\$a8464$b40$c20131202$lBLL01$h1444
=CAT  \\$a8464$b40$c20131203$lBLL01$h0808
=CAT  \\$a8464$b40$c20131203$lBLL01$h0809
=CAT  \\$aBATCH-CLA$b00$c20140228$lBLL01$h1619
=CAT  \\$aIPL-CLA$c20140331$lBLL01$h1641
=CAT  \\$a5552$b40$c20151111$lBLL01$h1151
=CAT  \\$aBLDSS-3PM$b00$c20151123$lBLL01$h1623
=CAT  \\$aBATCH-UPD$b00$c20160413$lBLL01$h1826
=CAT  \\$a5552$b40$c20170505$lBLL01$h1527
=CFI  0\$aCurrent copyright fee: GBP30.00$c25\0$e11-nov-2015$fGBP30.00$g0$hP$5Uk
=CFI  2\$aPrevious Copyright Fee: GBP25.00$c0$e01-apr-2014$fGBP25.00$g0$hC$5Uk
=FFP  \\$aY$bBLDSS-3PM
=FIN  \\$aY$d20121002
=MNI  \\$a0952-6862
=TOC  \\$aETOC
=UNO  \\$aY
=LAS  \\$a5552$b40$c20170505$lBLL01$h1527

