=LDR  01602cas a22004337a 4500
=001  016181164
=003  Uk
=005  20230306131135.0
=006  m\\\\\\\\d\|\\\\\\
=007  cr||||||||||||
=008  121002c20009999enk\x\m\o\\\\\0\\\a0eng\\
=FMT  \\$a  SE
=022  0\$a2051-3178$202
=040  \\$aUk$beng$cUk
=042  \\$aissnuk
=222  \0$aAdvances in mergers & acquisitions$b(Online)
=245  00$aAdvances in mergers & acquisitions$h[electronic resource].
=246  3\$aAdvances in mergers and acquisitions
=260  \\$aBingley :$bEmerald
=336  \\$atext$2rdacontent
=337  \\$acomputer$2rdamedia
=338  \\$aonline resource$2rdacarrier
=540  \\$aCurrent copyright fee: GBP30.00$c25\0$5Uk
=776  0\$tAdvances in mergers and acquisitions$x1479-361X
=856  \\$31850-9999$uhttp://www.emeraldinsight.com/$xBLDSS
=856  40$uhttp://www.emeraldinsight.com/books.htm?issn=1479-361X
=979  \\$aBritish Library$bDSC$j0709.390000
=985  \\$aISSN description based on: Vol. 1 (2000) ; title from table of contents (Emerald, viewed Oct. 2, 2012).
=CAT  \\$a11316$b40$c20121002$lBLL01$h1547
=CAT  \\$a12654$b40$c20230228$lBLL01$h0726
=CAT  \\$aBATCH-UNOA$c20230301$lBLL01$h0214
=CAT  \\$aBLDSS-3PM$b00$c20230306$lBLL01$h1311
=CAT  \\$aBATCH-UPD$b00$c20230306$lBLL01$h1311
=CFI  0\$aCurrent copyright fee: GBP30.00$c25\0$e28-feb-2023$fGBP30.00$g0$hP$5Uk
=FFP  \\$aY$bBLDSS-3PM
=FIN  \\$aY$d20121002
=LET  \0$aAdvances in mergers & acquisitions (Electronic)
=UNO  \\$aY
=LAS  \\$aBATCH-UPD$b00$c20230306$lBLL01$h1311

