=LDR  01872 as a22004937a 4500
=001  016192435
=003  Uk
=005  20170216112912.0
=006  m\\\\\\\\d\|\\\\\\
=007  cr||||||||||||
=008  121017c20069999vb\tr\p\o\\\\\0\\\a0eng\\
=FMT  \\$a  SE
=022  0\$a1718-2301$y1738-1460$202
=040  \\$aUk$beng$cUk
=042  \\$aissnuk
=222  \4$aThe linguistics journal$b(Online)
=245  04$aThe linguistics journal$h[electronic resource].
=260  \\$aTortola, British Virgin Islands :$bLinguistics Journal Press
=310  \\$aThree issues yearly
=336  \\$atext$2rdacontent
=337  \\$acomputer$2rdamedia
=338  \\$aonline resource$2rdacarrier
=540  \\$aCurrent Copyright Fee: GBP20.00$c78\0$5Uk
=856  \\$31850-9999$uhttp://benjamins.com$xBLDSS
=856  40$uhttp://www.linguistics-journal.com/index.php
=945  \\$aLinguistics journal.
=979  \\$aBritish Library$bDSC$j5221.383500N
=985  \\$aISSN description based on: Vol. 1, issue 1 (Jan. 2006); title from pdf cover (publisher's website viewed October 17 2012)
=985  \\$aISSN responsibility taken by ISSN UK from ISSN Canada, prior to completion by ISSN Canada. ISSN UK, 17.10.2012
=CAT  \\$a11313$b40$c20121017$lBLL01$h0953
=CAT  \\$a11313$b40$c20121017$lBLL01$h0955
=CAT  \\$a5552$b40$c20151201$lBLL01$h1336
=CAT  \\$aBLDSS-3PM$b00$c20151208$lBLL01$h0903
=CAT  \\$aBATCH-UPD$b00$c20160413$lBLL01$h1826
=CAT  \\$aBATCH-UPD$b00$c20160524$lBLL01$h2301
=CAT  \\$aBATCH-UPD$b00$c20160525$lBLL01$h0655
=CAT  \\$a5552$b40$c20170216$lBLL01$h1129
=CFI  0\$aCurrent copyright fee: GBP20.00$c78\0$e01-dec-2015$fGBP20.00$g0$hP$5Uk
=FFP  \\$aY$bBLDSS-3PM
=FIN  \\$aY$d20121017
=LET  \4$aThe linguistics journal (Electronic)
=TOC  \\$aETOC
=UNO  \\$aY
=LAS  \\$a5552$b40$c20170216$lBLL01$h1129

