=LDR  02342 as a22005777a 4500
=001  016212424
=003  Uk
=005  20170427115432.0
=006  m\\\\\\\\d\|\\\\\\
=007  cr||||||||||||
=008  121115c20069999stk\x\p\o\\\\\0\\\a0eng\\
=FMT  \\$a  SE
=022  0\$a2051-5642$202
=040  \\$aUk$beng$cUk$erda
=042  \\$aissnuk
=210  0\$aInt. trans. syst. sci. appl.$b(Online)
=222  \0$aInternational transactions on systems science and applications$b(Online)
=245  00$aInternational transactions on systems science and applications
=246  13$aITSSA
=264  \1$a[Glasgow] :$bSystemics and Informatics World Network
=310  \\$aIrregular
=336  \\$atext$2rdacontent
=337  \\$acomputer$2rdamedia
=338  \\$aonline resource$2rdacarrier
=540  \\$aCurrent copyright fee: GBP0.00$c22\1$5Uk
=776  08$iAlso issued in print as:$tInternational transactions on systems science and applications$x1751-1461
=776  08$iCD version: 2006-<2011> :$tInternational transactions on systems science and applications (CD-ROM)$x1751-147X
=856  \\$31850-9999$uhttp://www.springer.com/gb/$xBLDSS
=856  40$uhttp://siwn.org.uk/press/itssa/
=945  \\$aInternational transactions on systems science and applications.
=979  \\$aBritish Library$bDSC$j4551.305970
=985  \\$aISSN completion based on: volume 8 (December 2012), viewed 21/02/13.
=985  \\$aISSN RDA COMPLETION - TO BE CATALOGUED BY RDA TRAINED CATALOGUERS.
=CAT  \\$a7152$b40$c20121115$lBLL01$h1414
=CAT  \\$a10806$b40$c20130221$lBLL01$h1439
=CAT  \\$a10806$b40$c20130221$lBLL01$h1457
=CAT  \\$a10806$b40$c20130226$lBLL01$h1536
=CAT  \\$a5552$b40$c20130704$lBLL01$h1612
=CAT  \\$a10973$b40$c20130917$lBLL01$h1519
=CAT  \\$aBLDSS-3PM$b00$c20150103$lBLL01$h1048
=CAT  \\$aBATCH-UPD$b00$c20160413$lBLL01$h1826
=CAT  \\$aBATCH-UPD$b00$c20160524$lBLL01$h2215
=CAT  \\$aBATCH-UPD$b00$c20160525$lBLL01$h0055
=CAT  \\$a5552$b40$c20170427$lBLL01$h1154
=CFI  0\$aCurrent copyright fee: GBP0.00$c22\1$e01-jul-2013$fGBP0.00$g0$hP$5Uk
=FFP  \\$aY$bBLDSS-3PM
=FIN  \\$aY$d20130226
=LET  \0$aInternational transactions on systems science and applications (Electronic)
=TOC  \\$aETOC
=UNO  \\$aY
=LAS  \\$a5552$b40$c20170427$lBLL01$h1154

