=LDR  02888 as a2200709 a 4500
=001  016213875
=003  Uk
=005  20180822084325.0
=006  m\\\\\\\\d\\\\\\\\
=007  cr\|||||||||||
=008  110505c20119999gw\\x\p\o\\\\\0\\\\0eng\c
=FMT  \\$a  SE
=010  \\$a2012236736
=015  \\$aGBB2B6519$2bnb
=016  7\$a101571842$2DNLM
=022  \\$a2190-4715
=035  \\$a(OCoLC)720445618
=040  \\$aCS1$beng$cCS1$dHNK$dOCLCQ$dNOC$dNLM$dUk
=042  \\$aukblsr
=082  04$a333.705$222
=245  00$aEnvironmental sciences Europe$h[electronic resource].
=246  1\$aESEU
=260  \\$aHeidelberg :$bSpringer
=336  \\$atext$2rdacontent
=337  \\$acomputer$2rdamedia
=338  \\$aonline resource$2rdacarrier
=362  1\$aBegan with vol. 23, no. 1 (Dec. 2011).
=515  \\$aArticles are added on an individual basis, as accepted.
=540  \\$aCurrent copyright fee: zero$c22\1$5Uk
=580  \\$aContinues the print and online formats of: Umweltwissenschaften und Schadstoff-Forschung.
=588  \\$aDescription based on: Vol. 23, no. 1 (Dec. 2011); title from journal home page (SpringerLink, viewed May 25, 2011).
=588  \\$aLatest issue consulted: 2012:24:33 (viewed Nov. 19, 2012).
=650  \0$aEnvironmental sciences$vPeriodicals.
=650  12$aEcology$vPeriodicals.
=776  08$iPrint version:$tEnvironmental sciences Europe$x2190-4707
=780  14$tUmweltwissenschaften und Schadstoff-Forschung$x0934-3504
=780  14$tUmweltwissenschaften und Schadstoff-Forschung (Online)$x1865-5084
=856  \\$31850-9999$uhttp://www.springer.com/gb/$xBLDSS
=856  40$uhttp://www.enveurope.com/
=856  40$uhttp://www.springerlink.com/content/122215/
=945  \\$aEnvironmental sciences Europe.
=979  \\$aBritish Library$bDSC$j3791.632000N
=CAT  \\$a3072$b40$c20121119$lBLL01$h1610
=CAT  \\$a3072$b40$c20121120$lBLL01$h1200
=CAT  \\$a5552$b40$c20130704$lBLL01$h0905
=CAT  \\$aBLDSS-3PM$b00$c20150103$lBLL01$h1048
=CAT  \\$aBATCH-UPD$b00$c20160413$lBLL01$h1826
=CAT  \\$aBATCH-UPD$b00$c20160524$lBLL01$h2215
=CAT  \\$aBATCH-UPD$b00$c20160525$lBLL01$h0055
=CAT  \\$a5552$b40$c20170523$lBLL01$h1356
=CAT  \\$a5552$b40$c20180328$lBLL01$h1404
=CAT  \\$a5552$b40$c20180822$lBLL01$h0843
=CFI  0\$aCurrent copyright fee: zero$c22\1$e22-aug-2018$fGBP0.00$g0$hP$5Uk
=CFI  2\$aPrevious copyright fee: zero$c22\6$e04-jul-2013$fGBP0.00$g0$hP$5Uk
=FFP  \\$aY$bBLDSS-3PM
=FIN  \\$aY$d20121119
=LKR  \\$aPAR$b014582617$lBLL01$r78014$mEnvironmental sciences Europe$nUmweltwissenschaften und Schadstoff-Forschung (Online)
=LKR  \\$aPAR$b008221396$lBLL01$r78014$mEnvironmental sciences Europe$nUmweltwissenschaften und Schadstoff-Forschung.
=SID  \\$aZ39$bOCLC
=TOC  \\$aETOC
=UNO  \\$aY
=LAS  \\$a5552$b40$c20180822$lBLL01$h0843

