=LDR  02385 as a22005777a 4500
=001  016216176
=003  Uk
=005  20170412091940.0
=006  m\\\\\\\\d\|\\\\\\
=007  cr||||||||||||
=008  121121d19681969enkmr\p\o\\\\\0\\\a0eng\\
=FMT  \\$a  SE
=022  0\$a2051-5677$202
=040  \\$aUk$beng$cUk$dUk
=042  \\$aissnuk
=222  \0$aJournal of physics. E, Journal of scientific instruments$b(Online)
=245  00$aJournal of physics.$nE,$pJournal of scientific instruments$h[electronic resource].
=246  3\$aJournal of scientific instruments
=260  \\$aBristol :$bIOP Publishing
=310  \\$aMonthly
=336  \\$atext$2rdacontent
=337  \\$acomputer$2rdamedia
=338  \\$aonline resource$2rdacarrier
=540  \\$aCurrent Copyright Fee: GBP20.00$c77\0$5Uk
=710  2\$aInstitute of Physics (Great Britain)
=776  0\$tJournal of physics. E, Journal of scientific instruments$x0950-1290
=780  00$tJournal of scientific instruments (1950)$x1747-387X
=785  00$tJournal of physics. E, Scientific instruments$c(Online)$x2051-5685
=856  \\$31850-9999$uhttp://ioppublishing.org/$xBLDSS
=856  40$uhttp://iopscience.iop.org/0957-0233/
=945  \\$aJournal of physics -London- E Journal of scientific instruments.
=979  \\$aBritish Library$bDSC$j5036.241000N
=985  \\$aISSN description based on: 1968 Series 2 Vol. 1 (pdf of Editorial viewed Nov. 21 2012 - journal title at header)
=985  \\$aIssues listed under later title: 'Journal of physics. E, Scientific instruments'.
=CAT  \\$a11313$b40$c20121121$lBLL01$h0836
=CAT  \\$a11313$b40$c20121121$lBLL01$h0908
=CAT  \\$a11313$b40$c20121121$lBLL01$h0927
=CAT  \\$a11316$b40$c20141106$lBLL01$h1545
=CAT  \\$a5552$b40$c20150108$lBLL01$h1132
=CAT  \\$aBLDSS-3PM$b00$c20150302$lBLL01$h1656
=CAT  \\$aBATCH-UPD$b00$c20160413$lBLL01$h1826
=CAT  \\$aBATCH-UPD$b00$c20160524$lBLL01$h2301
=CAT  \\$aBATCH-UPD$b00$c20160525$lBLL01$h0655
=CAT  \\$a5552$b40$c20170407$lBLL01$h1123
=CAT  \\$a5410$b40$c20170412$lBLL01$h0919
=CFI  0\$aCurrent Copyright Fee: GBP20.00$c77\0$e08-jan-2015$fGBP20.00$g0$hP$5Uk
=FFP  \\$aY$bBLDSS-3PM
=FIN  \\$aY$d20121121
=LET  \0$aJournal of physics. E, Journal of scientific instruments (Electronic)
=UNO  \\$aY
=LAS  \\$a5410$b40$c20170412$lBLL01$h0919

