=LDR  02151 as a22005177a 4500
=001  016216203
=003  Uk
=005  20180601135215.0
=006  m\\\\\\\\d\|\\\\\\
=007  cr||||||||||||
=008  121121d19701989enkmr\p\o\\\\\0\\\a0eng\\
=FMT  \\$a  SE
=022  0\$a2051-5685$202
=040  \\$aUk$beng$cUk
=042  \\$aissnuk
=222  \0$aJournal of physics. E, Scientific instruments$b(Online)
=245  00$aJournal of physics.$h[electronic resource].$nE,$pScientific instruments
=246  3\$aScientific instruments
=260  \\$aBristol :$bIOP Publishing
=310  \\$aMonthly
=336  \\$atext$2rdacontent
=337  \\$acomputer$2rdamedia
=338  \\$aonline resource$2rdacarrier
=540  \\$aCurrent Copyright Fee: GBP30.00$c77\0$5Uk
=710  2\$aInstitute of Physics (Great Britain)
=776  0\$tJournal of physics. E, Scientific instruments$x0022-3735
=780  00$tJournal of physics. E, Journal of scientific instruments$c(Online)$x2051-5677
=785  00$tMeasurement science & technology$c(Online)$x1361-6501
=856  \\$31850-9999$uhttp://www.iop.org/$xBLDSS
=856  40$uhttp://iopscience.iop.org/0957-0233/
=985  \\$aISSN description based on: Vol. 3, no. 1 (Jan. 1970) (webpages viewed Nov. 21 2012)
=985  \\$aIncludes issues of earlier title: 'Journal of physics. E, Journal of scientific instruments.
=CAT  \\$a11313$b40$c20121121$lBLL01$h0926
=CAT  \\$a11313$b40$c20121121$lBLL01$h0933
=CAT  \\$a5552$b40$c20180601$lBLL01$h0842
=CAT  \\$a5552$b40$c20180601$lBLL01$h1352
=CAT  \\$aIPL-CLA$c20180630$lBLL01$h1937
=CAT  \\$aBLDSS-3PM$b00$c20180723$lBLL01$h1540
=CAT  \\$aBATCH-UPD$b00$c20180723$lBLL01$h1549
=CFI  0\$aCurrent Copyright Fee: GBP30.00$c77\0$e01-jul-2018$fGBP30.00$g0$hP$5Uk
=FFP  \\$aY$bBLDSS-3PM
=FIN  \\$aY$d20121121
=LET  \0$aJournal of physics. E, Scientific instruments (Electronic)
=LKR  \\$aPAR$b016216176$lBLL01$r78000$mJournal of physics. E, Scientific instruments (Online)$nJournal of physics. E, Journal of scientific instruments (Online)
=UNO  \\$aY
=LAS  \\$aBATCH-UPD$b00$c20180723$lBLL01$h1549

