=LDR  01705 as a22004937i 4500
=001  016259158
=003  Uk
=005  20161214092203.0
=006  m\\\\\\\\d\|\\\\\\
=007  cr||||||||||||
=008  130125c20139999enkfr\p\o\\\\\0\\\a0eng\\
=FMT  \\$a  SE
=022  0\$a2052-1219$202
=040  \\$aUk$beng$cUk$erda
=042  \\$aissnuk
=222  \0$aBone abstracts
=245  00$aBone abstracts.
=264  \1$aBristol :$bBioscientifica Ltd
=310  \\$aSemiannual
=336  \\$atext$2rdacontent
=337  \\$acomputer$2rdamedia
=338  \\$aonline resource$2rdacarrier
=540  \\$aCurrent Copyright Fee: GBP6.50$c101\0$5Uk
=856  \\$31850-9999$uhttp://www.bioscientifica.com/$xBLDSS
=856  40$uhttp://www.bone-abstracts.org/index.aspx
=945  \\$aBone abstracts.
=979  \\$aBritish Library$bDSC$j2247.332400N
=985  \\$aISSN description based on: volume 1 (2013) ; title from TOC page (viewed May 30, 2013).
=985  \\$aISSN RDA COMPLETION - TO BE CATALOGUED BY RDA TRAINED CATALOGUERS.
=CAT  \\$a11315$b40$c20130125$lBLL01$h1012
=CAT  \\$a10973$b40$c20130530$lBLL01$h1152
=CAT  \\$a5552$b40$c20131206$lBLL01$h1318
=CAT  \\$a5552$b40$c20131206$lBLL01$h1339
=CAT  \\$aBLDSS-3PM$b00$c20150131$lBLL01$h2315
=CAT  \\$aBATCH-UPD$b00$c20160413$lBLL01$h1826
=CAT  \\$a5552$b40$c20161208$lBLL01$h1049
=CAT  \\$a5552$b40$c20161208$lBLL01$h1053
=CAT  \\$a5410$b40$c20161214$lBLL01$h0922
=CFI  0\$aCurrent Copyright Fee: GBP6.50$c101\0$e06-dec-2013$fGBP6.50$g0$hP$5Uk
=FFP  \\$aY$bBLDSS-3PM
=FIN  \\$aY$d20130530
=LET  \0$aBone abstracts (Electronic)
=UNO  \\$aY
=LAS  \\$a5410$b40$c20161214$lBLL01$h0922

