=LDR  02490 as a2200625 i 4500
=001  016263893
=003  Uk
=005  20170329084230.0
=006  m\\\\\o\\d\\\\\\\\
=007  cr\|||||||||||
=008  131210c20119999hu\qr\poo\\\\\0\\\a0eng\d
=FMT  \\$a  SE
=022  \\$a2062-8633$l2062-509X$y2062-509X
=035  \\$a(OCoLC)864913524
=040  \\$aTXA$cTXA$dOCLCO$dOCLCF$dUk
=082  04$a579.05$223
=222  \0$aEuropean journal of microbiology & immunology$b(Budapest. Online)
=245  00$aEuropean journal of microbiology and immunology$h[electronic resource].
=246  1\$aEuropean journal of microbiology & immunology
=246  1\$aEur J Microbiol Immunol
=246  1\$aEU-JMI
=264  \1$aBudapest :$bAkadémiai Kiadó,$cc2011-
=300  \\$a1 online resource.
=310  \\$aQuarterly
=336  \\$atext$2rdacontent
=337  \\$acomputer$2rdamedia
=338  \\$aonline resource$2rdacarrier
=362  1\$aBegan with: Vol. 1, no. 1 (Mar. 2011).
=590  \\$aRoute FAILED DSC EXTENDED searches to Records Team
=540  \\$aCurrent copyright fee: zero$c83\0$5Uk
=588  \\$aDescription based on: Vol. 1, no. 1 (Mar. 2011); title from PDF article header (Akadémiai Kiadó, viewed Dec. 10, 2013).
=588  \\$aLatest issue consulted: Vol. 3, no. 4 (Dec. 2013) (Akadémiai Kiadó, viewed Dec. 10, 2013).
=650  \0$aMicrobiology$vPeriodicals.
=650  \0$aImmunology$vPeriodicals.
=650  12$aMicrobiological Phenomena$vPeriodicals.
=650  22$aImmune System Phenomena$vPeriodicals.
=776  08$iPrint version:$tEuropean journal of microbiology & immunology$x2062-509X
=710  2\$aAkadémiai Kiadó.
=856  \\$31850-9999$uhttp://akkrt.hu/$xBLDSS
=856  40$uhttp://akademiai.com/content/122234
=856  40$uhttp://www.ncbi.nlm.nih.gov/pmc/journals/2183/
=945  \\$aEuropean journal of microbiology and immunology
=979  \\$aBritish Library$bDSC$j3829.731537N
=CAT  \\$a5552$b40$c20130201$lBLL01$h1412
=CAT  \\$a8201$b40$c20141002$lBLL01$h1605
=CAT  \\$aBLDSS-3PM$b00$c20150131$lBLL01$h2315
=CAT  \\$aBATCH-UPD$b00$c20160413$lBLL01$h1826
=CAT  \\$a5552$b40$c20170329$lBLL01$h0842
=CFI  0\$aCurrent copyright fee: zero$c83\0$e29-mar-2017$fGBP0.00$g0$hP$5Uk
=CFI  2\$aPrevious copyright fee: GBP16.00$c83\0$e01-feb-2013$fGBP16.00$g0$hP$5Uk
=FFP  \\$aY$bBLDSS-3PM
=SID  \\$aZ39$bOCLC
=TOC  \\$aETOC
=UNO  \\$aY
=LAS  \\$a5552$b40$c20170329$lBLL01$h0842

