=LDR  01984cas a2200529 i 4500
=001  016263902
=003  Uk
=005  20221118095540.0
=006  m\\\\\|\\d\|\\\\\\
=007  cr\|||||||||||
=008  130201c20109999hu\fr\p\o\\\\\0\\\a0eng\\
=FMT  \\$a  SE
=022  0\$a2063-4269$l2062-0810
=040  \\$aUk$beng$cUk$dUk
=082  04$a605$223
=210  0\$aInt. rev. appl. sci. eng.$b(Online)
=222  \0$aInternational review of applied sciences and engineering$b(Online)
=245  00$aInternational review of applied sciences and engineering.
=246  3\$aIRASE
=264  \1$aBudapest :$bAkadémiai Kiadó,$c2010-
=310  \\$aTwo issues yearly
=336  \\$atext$2rdacontent
=337  \\$aunmediated$2rdamedia
=338  \\$avolume$2rdacarrier
=362  1\$aBegan with volume 1, number 1/2 (December 2010).
=540  \\$aCurrent copyright fee: zero$c83\0$5Uk
=590  \\$aRoute FAILED DSC EXTENDED searches to Records Team
=650  \0$aTechnology$vPeriodicals.
=650  \0$aEngineering$vPeriodicals.
=776  08$iAlso issued in print as:$tInternational review of applied sciences and engineering$x2062-0810
=856  \\$31850-9999$uhttp://akkrt.hu/$xBLDSS
=856  40$uhttp://akademiai.com/content/122075/
=945  \\$aInternational review of applied sciences and engineering
=979  \\$aBritish Library$bDSC$j4546.255000N
=CAT  \\$a5552$b40$c20130201$lBLL01$h1417
=CAT  \\$a5552$b40$c20130201$lBLL01$h1425
=CAT  \\$a5552$b40$c20130201$lBLL01$h1434
=CAT  \\$a8201$b40$c20141006$lBLL01$h1449
=CAT  \\$aBLDSS-3PM$b00$c20150131$lBLL01$h2315
=CAT  \\$aBATCH-UPD$b00$c20160413$lBLL01$h1826
=CAT  \\$a12654$b40$c20221118$lBLL01$h0955
=CFI  0\$aCurrent copyright fee: zero$c83\0$e18-nov-2021$fGBP0.00$g0$hP$5Uk
=CFI  2\$aPrevious copyright fee: GBP16.00$c83\0$e01-feb-2013$fGBP16.00$g0$hP$5Uk
=FFP  \\$aY$bBLDSS-3PM
=TOC  \\$aETOC
=UNO  \\$aY
=LAS  \\$a12654$b40$c20221118$lBLL01$h0955

