=LDR  02908 as a2200625 i 4500
=001  016297201
=003  Uk
=005  20141007122130.0
=006  m\\\\\o\\d\\\\\\\\
=007  cr\|||||||||||
=008  100830c20099999hu\qr\poo\\\\\0\\\a0eng\d
=FMT  \\$a  SE
=022  0\$a2061-5094$l2061-1617$y2061-1617
=035  \\$a(OCoLC)858858735
=040  \\$aVT2$beng$cVT2$dOCLCO$dTXA$dOCLCO$dUk
=060  00$aW1$bIN9821
=082  04$a610.5$223
=210  0\$aInterv. med. appl. sci.$b(Online)
=222  \0$aInterventional medicine and applied science$b(Online)
=245  00$aInterventional medicine & applied science$h[electronic resource].
=246  1\$aInterventional medicine and applied science
=246  1\$aIMAS
=264  \1$aBudapest :$bAkadémiai Kiadó,$cc2009-
=310  \\$aQuarterly
=362  1\$aBegan with: Vol. 1, no. 1 (Dec. 2009).
=590  \\$aRoute FAILED DSC EXTENDED searches to Records Team
=540  \\$aCurrent copyright fee: GBP16.00$c83\0$5Uk
=550  \\$aInternational quarterly of: the Association of Hungarian Anatomists, Histologists and Embryologists, the Hungarian Society of Anaesthesiology and Intensive Therapy, the Cardiovascular and Interventional Radiological Society of Hungary and the Hungarian Society of Cardiology.
=588  \\$aDescription based on: Vol. 1, no. 1 (Dec. 2009); title from PDF article running title (Akadémiai Kiadó, viewed Dec. 11, 2013).
=588  \\$aLatest issue consulted: Vol. 5, no. 3 (Sept. 2013) (Akadémiai Kiadó site, viewed Dec. 11, 2013).
=650  \0$aMedicine$vPeriodicals.
=655  \0$aElectronic journals.
=710  2\$aMagyar Anatómusok, Histologusok és Embryologusok Társasága.
=710  2\$aMagyar Aneszteziológiai és Intenzív Terápiás Társaság.
=710  2\$aMagyar Cardiovascularis és Intervenciós Radiológiai Társaság.
=710  2\$aMagyar Kardiológusok Társasága.
=776  08$iPrint version:$aInterventional medicine & applied science$x2061-5094
=856  \\$31850-9999$uhttp://akkrt.hu/$xBLDSS
=856  40$uhttp://www.akademiai.com/content/121666/?p=f2603631134d41ad8702fc668870d5a2&pi=0hun
=856  40$uhttp://www.swetswise.com/link/access_db?issn=2061-1617
=945  \\$aInterventional medicine and applied science
=979  \\$aBritish Library$bDSC$j9838.208600N
=CAT  \\$a5552$b40$c20130308$lBLL01$h1606
=CAT  \\$a5552$b40$c20130312$lBLL01$h0940
=CAT  \\$a8201$b40$c20141007$lBLL01$h1221
=CAT  \\$aBATCH-UPD$b40$c20141010$lBLL01$h2128
=CAT  \\$aBATCH-UPD$b40$c20141211$lBLL01$h1959
=CAT  \\$aBLDSS-3PM$b00$c20150131$lBLL01$h2315
=CAT  \\$aBATCH-UPD$b00$c20160413$lBLL01$h1826
=CFI  0\$aCurrent copyright fee: GBP16.00$c83\0$e08-mar-2013$fGBP16.00$g0$hP$5Uk
=FFP  \\$aY$bBLDSS-3PM
=SID  \\$aZ39$bOCLC
=TOC  \\$aETOC
=UNO  \\$aY
=LAS  \\$aBATCH-UPD$b00$c20160413$lBLL01$h1826

