=LDR  02266cas a2200601 a 4500
=001  016298696
=003  Uk
=005  20221118095330.0
=006  m\\\\\\\\d\\\\\\\\
=007  cr\|||||||||||
=008  120822c20129999hu\qr\pso\\\\\0\\\a0eng\c
=FMT  \\$a  SE
=010  \\$a  2014247776
=022  0\$a2063-5303$l2062-5871
=035  \\$a(OCoLC)850320112
=040  \\$aCN4UL$cCN4UL$dOCLCO$dPFM$dUk
=042  \\$aukblsr
=082  04$a616.8584$223
=210  10$aJ. behav. addict.
=222  \0$aJournal of behavioral addictions$b(Online)
=245  00$aJournal of behavioral addictions$h[electronic resource].
=260  \\$aBudapest :$bAkadémiai Kiadó,$c2012-
=300  \\$a1 online resource
=310  \\$aQuarterly
=336  \\$atext$2rdacontent
=337  \\$acomputer$2rdamedia
=338  \\$aonline resource$2rdacarrier
=362  1\$aBegan with Vol. 1, no. 1 (Mar. 2012)-
=590  \\$aRoute FAILED DSC EXTENDED searches to Records Team
=540  \\$aCurrent copyright fee: zero$c83\0$5Uk
=588  \\$aDescription based on: Vol. 1, no. 1 (Mar. 2012); title from journal homepage (publisher's website, viewed Sept. 19, 2014).
=588  \\$aLatest issue consulted: Vol. 3, no. 2 (June 2014) (viewed Sept. 19, 2014).
=650  \0$aCompulsive behavior$vPeriodicals.
=650  \0$aSubstance abuse$vPeriodicals.
=650  12$aBehavior, Addictive$vPeriodicals.
=776  08$iPrint version:$tJournal of behavioral addictions$x2062-5871
=856  \\$uhttp://www.ncbi.nlm.nih.gov/pmc/journals/2524/
=856  \\$31850-9999$uhttp://akkrt.hu/$xBLDSS
=856  40$uhttp://akademiai.com/content/122266
=945  \\$aJournal of behavioral addictions
=979  \\$aBritish Library$bDSC$j4951.250200N
=CAT  \\$a5552$b40$c20130312$lBLL01$h1046
=CAT  \\$a8201$b40$c20141007$lBLL01$h1232
=CAT  \\$a5410$b40$c20141023$lBLL01$h1457
=CAT  \\$aBLDSS-3PM$b00$c20150131$lBLL01$h2315
=CAT  \\$a12654$b40$c20221118$lBLL01$h0953
=CFI  0\$aCurrent copyright fee: zero$c83\0$e18-nov-2022$fGBP0.00$g0$hP$5Uk
=CFI  2\$aPrevious copyright fee: GBP16.00$c83\0$e12-mar-2013$fGBP16.00$g0$hP$5Uk
=FFP  \\$aY$bBLDSS-3PM
=SID  \\$aZ39$bOCLC
=TOC  \\$aETOC
=UNO  \\$aY
=LAS  \\$a12654$b40$c20221118$lBLL01$h0953

