=LDR  01582 as a2200457 a 4500
=001  016298703
=003  Uk
=005  20141007125707.0
=006  m\\\\\|\\d\|\\\\\\
=007  cr\|||||||||||
=008  130312c20089999hu\fr\p\o\\\\\0\\\b0hun\\
=FMT  \\$a  SE
=022  0\$a2060-2774$l1789-9486
=040  \\$aUk$beng$cUk$dUk
=082  04$a494.511$223
=222  \0$aMagyar terminológia$b(Online)
=245  00$aMagyar terminológia.
=260  \\$aBudapest :$bAkadémiai Kiadó,$c2008-
=310  \\$aSemiannual
=336  \\$atext$2rdacontent
=337  \\$acomputer$2rdamedia
=338  \\$aonline resource$2rdacarrier
=362  1\$aBegan with volume 1, number 1 (June 2008).
=590  \\$aRoute FAILED DSC EXTENDED searches to Records Team
=540  \\$aCurrent copyright fee: GBP16.00$c83\0$5Uk
=650  \0$aHungarian language.
=650  \0$aLinguistics$zHungary.
=776  08$iAlso issued in print as:$tMagyar terminológia$x1789-9486
=856  \\$31850-9999$uhttp://akkrt.hu/$xBLDSS
=856  40$uhttp://www.akademiai.com/content/121130/?p=49c426a4e47440d8b56d22f82199bc9a&pi=48
=945  \\$aMagyar terminologia
=979  \\$aBritish Library$bDSC$j5345.580000N
=CAT  \\$a5552$b40$c20130312$lBLL01$h1055
=CAT  \\$a8201$b40$c20141007$lBLL01$h1257
=CAT  \\$aBLDSS-3PM$b00$c20150131$lBLL01$h2315
=CAT  \\$aBATCH-UPD$b00$c20160413$lBLL01$h1826
=CFI  0\$aCurrent copyright fee: GBP16.00$c83\0$e12-mar-2013$fGBP16.00$g0$hP$5Uk
=FFP  \\$aY$bBLDSS-3PM
=TOC  \\$aETOC
=UNO  \\$aY
=LAS  \\$aBATCH-UPD$b00$c20160413$lBLL01$h1826

