=LDR  01305 as a22003977a 4500
=001  016298765
=003  Uk
=005  20170112134819.0
=006  m\\\\\|\\d\|\\\\\\
=007  cr\|||||||||||
=008  130312d2008201uhu\uu\p\o\\\\\0\\\a0eng\\
=FMT  \\$a  SE
=022  0\$a1789-6894
=040  \\$aUk$beng$cUk$dUk
=222  \0$aMediArt$b(Budapest)
=245  00$aMediArt.
=260  \\$aBudapest :$bAkadémiai Kiadó,$c2008-
=336  \\$atext$2rdacontent
=337  \\$acomputer$2rdamedia
=338  \\$aonline resource$2rdacarrier
=590  \\$aRoute FAILED DSC EXTENDED searches to Records Team
=540  \\$aCurrent copyright fee: GBP16.00$c83\0$5Uk
=780  00$tReumainfo$x1586-8591
=856  \\$31850-9999$uhttp://akkrt.hu/$xBLDSS
=856  40$uhttp://akkrt.hu/48/journals/products/medicine/mediart_eng
=945  \\$aMediart
=979  \\$aBritish Library$bDSC$j5525.297850N
=CAT  \\$a5552$b40$c20130312$lBLL01$h1204
=CAT  \\$a8201$b40$c20141007$lBLL01$h1407
=CAT  \\$aBLDSS-3PM$b00$c20150131$lBLL01$h2315
=CAT  \\$aBATCH-UPD$b00$c20160413$lBLL01$h1826
=CAT  \\$a5410$b40$c20170112$lBLL01$h1348
=CFI  0\$aCurrent copyright fee: GBP16.00$c83\0$e12-mar-2013$fGBP16.00$g0$hP$5Uk
=FFP  \\$aY$bBLDSS-3PM
=UNO  \\$aY
=LAS  \\$a5410$b40$c20170112$lBLL01$h1348

