=LDR  02011 as a22005057i 4500
=001  016311937
=003  Uk
=005  20170424140037.0
=006  m\\\\\\\\d\|\\\\\\
=007  cr||||||||||||
=008  130402d20072008enkmr\p\o\\\\\0\\\a0eng\\
=FMT  \\$a  SE
=022  0\$a2052-2886$202
=040  \\$aUk$beng$cUk$erda
=042  \\$aissnuk
=210  0\$aJ. child. young people's nurs.$b(Online)
=222  \0$aJournal of children's and young people's nursing$b(Online)
=245  00$aJournal of children's and young people's nursing.
=264  \1$aLondon :$bMA Healthcare Ltd
=310  \\$aMonthly
=336  \\$atext$2rdacontent
=337  \\$acomputer$2rdamedia
=338  \\$aonline resource$2rdacarrier
=540  \\$aCurrent Copyright Fee: GBP20.00$c97\0$5Uk
=776  08$iAlso issued in print as:$tJournal of children's and young people's nursing$x1753-1594
=856  \\$31850-9999$uhttp://www.markallengroup.com/ma-healthcare/$xBLDSS
=856  40$uhttp://www.internurse.com/cgi-bin/go.pl/library/issues.html?journal_uid=33
=945  \\$aJournal of childrens and young peoples nursing.
=979  \\$aBritish Library$bDSC$j4957.933000
=985  \\$aISSN description based on: volume 1, number 1 (May 2007); title from PDF masthead (internurse.com, viewed April 2, 2013).
=985  \\$aISSN RDA COMPLETION - TO BE CATALOGUED BY RDA TRAINED CATALOGUERS.
=CAT  \\$a11316$b40$c20130402$lBLL01$h1056
=CAT  \\$a11316$b40$c20130416$lBLL01$h0929
=CAT  \\$a11313$b40$c20130524$lBLL01$h1153
=CAT  \\$a5552$b40$c20131121$lBLL01$h1351
=CAT  \\$aBLDSS-3PM$b00$c20150131$lBLL01$h2315
=CAT  \\$aBATCH-UPD$b00$c20160413$lBLL01$h1826
=CAT  \\$a5552$b40$c20170424$lBLL01$h1400
=CFI  0\$aCurrent copyright fee: GBP20.00$c97\0$e21-nov-2013$fGBP20.00$g0$hP$5Uk
=FFP  \\$aY$bBLDSS-3PM
=FIN  \\$aY$d20130416
=LET  \0$aJournal of children's and young people's nursing (Electronic)
=TOC  \\$aETOC
=UNO  \\$aY
=LAS  \\$a5552$b40$c20170424$lBLL01$h1400

