=LDR  02457 as a2200613 i 4500
=001  016320021
=003  Uk
=005  20170522115743.0
=006  m\\\\\\\\d\|\\\\\\
=007  cr||||||||||||
=008  130415d20022004enkmr\p\o\\\\\0\\\a0eng\\
=FMT  \\$a  SE
=022  0\$a2052-6245$202
=040  \\$aUk$beng$cUk$erda
=042  \\$aissnuk$aukblsr
=082  04$a372.94105$223
=222  \0$aFive to eleven$b(Online)
=245  00$aFive to eleven
=246  1\$iWeb link title:$a5 to 11 educator
=264  \1$aLondon :$bMark Allen Publishing Ltd
=264  31$aLondon :$bMA Education
=310  \\$aMonthly
=336  \\$atext$2rdacontent
=337  \\$acomputer$2rdamedia
=338  \\$aonline resource$2rdacarrier
=362  0\$aVolume 2, no. 5 (October 2002)-
=362  1\$aCeased with volume 3, no. 12 (July 2004).
=500  \\$aTitle from PDF footer (publisher's Web site, viewed Oct. 13, 2014).
=588  \\$aLatest issue consulted: volume 3, no. 7 (December/January 2003/2004)
=540  \\$aCurrent Copyright Fee: GBP20.00$c97\0$5Uk
=650  \0$aElementary school teaching$zGreat Britain$vPeriodicals.
=650  \0$aEducation, Primary$zGreat Britain$vPeriodicals.
=776  08$iAlso issued in print as:$tFive to eleven$x1744-7240
=780  00$tFive to seven
=785  00$t5 to 7 educator$x2052-4595
=856  \\$31850-9999$uhttp://www.markallengroup.com/ma-healthcare/$xBLDSS
=856  40$uhttp://www.intered.uk.com/cgi-bin/go.pl/library/issues.html?journal_uid=18
=945  \\$aFive to eleven.
=979  \\$aBritish Library$cDSC$j3948.535000N
=985  \\$aISSN description based on: volume 2, number 5 (October 2002); title from PDF article (intered viewed April 15, 2013). Latest issue consulted: Volume 3 Number 12 (August/September 2004) (viewed April 15, 2013).
=CAT  \\$a11316$b40$c20130415$lBLL01$h1518
=CAT  \\$a11313$b40$c20130524$lBLL01$h1308
=CAT  \\$a5552$b40$c20131121$lBLL01$h1411
=CAT  \\$a8201$b40$c20141013$lBLL01$h1211
=CAT  \\$aBLDSS-3PM$b00$c20150131$lBLL01$h2315
=CAT  \\$aBATCH-UPD$b00$c20160413$lBLL01$h1826
=CAT  \\$a5552$b40$c20170522$lBLL01$h1157
=CFI  0\$aCurrent copyright fee: GBP20.00$c97\0$e21-nov-2013$fGBP20.00$g0$hP$5Uk
=FFP  \\$aY$bBLDSS-3PM
=FIN  \\$aY$d20130415
=LKR  \\$aPAR$b007894231$lBLL01$nFive to eleven (Print)$mFive to eleven (Online)$r776
=TOC  \\$aETOC
=UNO  \\$aY
=LAS  \\$a5552$b40$c20170522$lBLL01$h1157

