=LDR  02061 as a22005537i 4500
=001  016326301
=003  Uk
=005  20170310154350.0
=006  m\\\\\\\\d\|\\\\\\
=007  cr||||||||||||
=008  130425c198u9999enkmr\p\o\\\\\0\\\a0eng\\
=FMT  \\$a  SE
=022  0\$a2052-6334$202
=040  \\$aUk$beng$cUk$erda
=042  \\$aissnuk
=082  04$a338.477963520284$222
=222  \0$aPro-shop Europe$b(Online)
=245  00$aPro-shop Europe.
=246  13$aPro shop Europe
=264  \1$aDinton :$bA&D Media Limited
=264  31$aDinton :$bMA Business & Leisure Ltd
=310  \\$aMonthly
=336  \\$atext$2rdacontent
=337  \\$acomputer$2rdamedia
=338  \\$aonline resource$2rdacarrier
=540  \\$aCurrent Copyright Fee: GBP20.00$c97\0$5Uk
=776  08$iAlso issued in print as:$tPro-shop Europe$x1355-2740
=856  \\$31850-9999$uhttp://www.markallengroup.com/ma-healthcare/$xBLDSS
=856  4\$uhttp://www.proshopeurope.co.uk
=945  \\$aPro-shop Europe.
=979  \\$aBritish Library$bDSC$j6617.203800N
=985  \\$aISSN description based on: November/December 2008 issue; title from PDF cover (publisher's Web site viewed April 25, 2013). Latest issue consulted: April 2013 (viewed April 25, 2013).
=985  \\$aISSN RDA COMPLETION - TO BE CATALOGUED BY RDA TRAINED CATALOGUERS.
=CAT  \\$a11316$b40$c20130425$lBLL01$h0954
=CAT  \\$a11316$b40$c20130425$lBLL01$h0955
=CAT  \\$a5552$b40$c20131121$lBLL01$h1448
=CAT  \\$aBLDSS-3PM$b00$c20150131$lBLL01$h2315
=CAT  \\$aBATCH-UPD$b00$c20160413$lBLL01$h1826
=CAT  \\$aBATCH-UPD$b00$c20160924$lBLL01$h0621
=CAT  \\$a5552$b40$c20170224$lBLL01$h1439
=CAT  \\$a5410$b40$c20170301$lBLL01$h0939
=CAT  \\$a10973$b40$c20170303$lBLL01$h1113
=CAT  \\$a10973$b40$c20170310$lBLL01$h1543
=CFI  0\$aCurrent copyright fee: GBP20.00$c97\0$e21-nov-2013$fGBP20.00$g0$hP$5Uk
=FFP  \\$aY$bBLDSS-3PM
=FIN  \\$aY$d20130425
=LET  \0$aPro shop Europe (Electronic)
=UNO  \\$aY
=LAS  \\$a10973$b40$c20170310$lBLL01$h1543

