=LDR  02398 as a2200637 a 4500
=001  016414079
=003  Uk
=005  20141009114711.0
=006  m\\\\\o\\d\\\\\\\\
=007  cr\|||||||||||
=008  110706c20129999mautr\p\o\\\\\0\\\a0eng\\
=FMT  \\$a  SE
=010  \\$a  2011204566
=022  0\$a2162-2582$21
=035  \\$a(OCoLC)739101514
=040  \\$aDLC$beng$cDLC$dJPG$dDLC$dOCLCQ$dOCLCF$dOCLCO$dUk
=042  \\$aukblsr
=050  10$aISSN RECORD
=050  14$aN6480$b.A788
=082  10$a700$223
=130  0\$aARTMargins (Cambridge, Mass. Online)
=222  \0$aARTMargins$b(Cambridge, Mass. Online)
=245  10$aARTMargins$h[electronic resource].
=246  1\$aArt margins
=260  \\$aCambridge, MA :$bMIT Press
=310  \\$aThree issues per year
=336  \\$atext$2rdacontent
=337  \\$acomputer$2rdamedia
=338  \\$aonline resource$2rdacarrier
=362  1\$aBegan with vol. 1, issue 1 (winter 2012).
=590  \\$aRoute FAILED DSC EXTENDED searches to Records Team
=540  \\$aCurrent copyright fee: GBP12.00$c87\0$5Uk
=588  \\$aDescription based on: Vol. 1, issue 1 (winter 2012); title from journal home page (publisher's Web site, viewed August 8, 2012).
=588  \\$aLatest issue consulted: Vol. 1, issue 2/3 (June/Oct. 2012) (viewed Oct. 15, 2012).
=650  \0$aArt, Modern$y20th century$vPeriodicals.
=650  \0$aArt, Modern$y21st century$vPeriodicals.
=650  \0$aArt and society$vPeriodicals.
=650  \0$aArt, East European$y20th century$vPeriodicals.
=650  \0$aArt, East European$y21st century$vPeriodicals.
=776  08$iAlso issued in print:$tARTMargins (Cambridge, Mass.)$x2162-2574
=856  \\$31850-9999$uhttp://www.mitpressjournals.org/$xBLDSS
=856  40$uhttp://www.mitpressjournals.org/loi/artm
=945  \\$aArtmargins
=979  \\$aBritish Library$bDSC$j1735.326000N
=CAT  \\$a5552$b40$c20130517$lBLL01$h0928
=CAT  \\$a8201$b40$c20141009$lBLL01$h1147
=CAT  \\$aBLDSS-3PM$b00$c20150131$lBLL01$h2315
=CAT  \\$aBATCH-UPD$b00$c20160413$lBLL01$h1826
=CAT  \\$aBATCH-UPD$b00$c20160524$lBLL01$h2301
=CAT  \\$aBATCH-UPD$b00$c20160525$lBLL01$h0655
=CFI  0\$aCurrent Copyright Fee: GBP12.00$c87\0$e17-may-2013$fGBP12.00$g0$hP$5Uk
=FFP  \\$aY$bBLDSS-3PM
=SID  \\$aZ39$bOCLC
=TOC  \\$aETOC
=UNO  \\$aY
=LAS  \\$aBATCH-UPD$b00$c20160525$lBLL01$h0655

