=LDR  02339 as a2200625 a 4500
=001  016414083
=003  Uk
=005  20141009120240.0
=006  m\\\\\o\\d\\\\\\\\
=007  cr\|||||||||||
=008  111202c19989999mautr\p\o\\\\\0\\\a0eng\\
=FMT  \\$a  SE
=010  \\$a  2011202588
=022  0\$a2164-926X$21
=035  \\$a(OCoLC)765909239
=040  \\$aDLC$beng$cDLC$dOCLCQ$dDLC$dUk$erda
=042  \\$aukblsr
=050  10$aISSN RECORD
=082  04$a306.0973$223
=130  0\$aBaffler (Chicago, Ill. : Online)
=222  \4$aThe Baffler$b(Chicago, Ill. Online)
=245  14$aThe Baffler.
=264  \1$aCambridge, MA :$bMIT Press Journals,$c1998-
=310  \\$aThree times a year
=336  \\$atext$btxt$2rdacontent
=337  \\$acomputer$bc$2rdamedia
=338  \\$aonline resource$bcr$2rdacarrier
=362  1\$aBegan with No. 1 (Summer 1998).
=590  \\$aRoute FAILED DSC EXTENDED searches to Records Team
=540  \\$aCurrent copyright fee: GBP12.00$c87\0$5Uk
=588  \\$aDescription based on: No. 1 (Summer 1998); title from banner (MIT Press website, viewed August 05, 2014).
=588  \\$aLatest issue consulted: No. 25 (March 2014) (viewed August 05, 2014).
=650  \0$aCapitalism$xSocial aspects$zUnited States$vPeriodicals.
=650  \0$aPopular culture$zUnited States$xHistory$vPeriodicals.
=650  \0$aPolitics and culture$zUnited States$vPeriodicals.
=650  \0$aAmerican wit and humor$vPeriodicals
=651  \0$aUnited States$xCivilization$vPeriodicals.
=776  08$iPrint version:$tBaffler$x1059-9789
=856  \\$31850-9999$uhttp://www.mitpressjournals.org/$xBLDSS
=856  40$uhttp://www.mitpressjournals.org/loi/bflr
=945  \\$aBaffler
=979  \\$aBritish Library$bDSC$j1856.505000N
=CAT  \\$a5552$b40$c20130517$lBLL01$h0937
=CAT  \\$a8201$b40$c20141009$lBLL01$h1202
=CAT  \\$aBLDSS-3PM$b00$c20150131$lBLL01$h2315
=CAT  \\$aBATCH-UPD$b00$c20151115$lBLL01$h1712
=CAT  \\$aBATCH-UPD$b00$c20160413$lBLL01$h1826
=CAT  \\$aBATCH-UPD$b00$c20160524$lBLL01$h2301
=CAT  \\$aBATCH-UPD$b00$c20160525$lBLL01$h0655
=CFI  0\$aCurrent Copyright Fee: GBP12.00$c87\0$e17-may-2013$fGBP12.00$g0$hP$5Uk
=FFP  \\$aY$bBLDSS-3PM
=SID  \\$aZ39$bOCLC
=TOC  \\$aETOC
=UNO  \\$aY
=LAS  \\$aBATCH-UPD$b00$c20160525$lBLL01$h0655

