=LDR  02817 as a22006617i 4500
=001  016465128
=003  Uk
=005  20170406143124.0
=006  m\\\\\\\\d\|\\\\\\
=007  cr||||||||||||
=008  130802d19602000enkbr\p\o\\\\\0\\\a0eng\\
=FMT  \\$a  SE
=022  0\$a2053-4191$202
=040  \\$aUk$beng$cUk$erda
=042  \\$aissnuk
=082  04$a571.8$222
=210  0\$aJ. reprod. fertil.$b(Online)
=222  \0$aJournal of reproduction and fertility$b(Online)
=245  00$aJournal of reproduction and fertility.
=260  \\$aCambridge :$bJournals of Reproduction and Fertility Ltd.,$c1960-2000.
=264  31$a[Britstol] :$bBioscientifica
=310  \\$aBimonthly
=321  \\$aQuarterly
=336  \\$atext$2rdacontent
=337  \\$acomputer$2rdamedia
=338  \\$aonline resource$2rdacarrier
=500  \\$aJournal of the Society for the Study of Fertility.
=540  \\$aCurrent Copyright Fee: GBP15.00$c101\0$5Uk
=580  \\$aMerged with: Reviews of reproduction, to become: Reproduction (Cambridge, England).
=588  \\$aDescription based on print version record.
=588  \\$aLatest issue consulted: volume 120, number 2 (November 2000) (publisher's Web site, viewed August 2, 2013).
=710  2\$aSociety for the Study of Fertility.
=710  2\$aBiological Science Committee of the IPPF.
=710  2\$aAustralian Society for Reproductive Biology.
=710  2\$aIndian Society for the Study of Reproduction and Endocrinology.
=770  0\$tJournal of Reproduction and Fertility, Supplement
=776  08$iAlso issued in print as:$tJournal of reproduction and fertility$x0022-4251
=780  00$tProceedings of the Society for the Study of Fertility
=785  17$tReviews of reproduction$x2053-4205
=785  17$tReproduction (Cambridge, England)$x1741-7899
=856  \\$31850-9999$uhttp://www.bioscientifica.com/$xBLDSS
=856  40$uhttp://www.reproduction-online.org/content/by/year
=945  \\$aJournal of reproduction and fertility.
=979  \\$aBritish Library$bDSC$j5049.600000
=985  \\$aISSN Centre note: Digitized front matter (publisher's Web site, viewed August 2, 2013) is from a bound volume rather than individual issues. ISSN description based on print version record.
=CAT  \\$a11316$b40$c20130802$lBLL01$h1359
=CAT  \\$a11316$b40$c20130802$lBLL01$h1400
=CAT  \\$a11316$b40$c20130802$lBLL01$h1440
=CAT  \\$a5552$b40$c20131206$lBLL01$h1347
=CAT  \\$aBLDSS-3PM$b00$c20150131$lBLL01$h2315
=CAT  \\$aBATCH-UPD$b00$c20160413$lBLL01$h1826
=CAT  \\$a5552$b40$c20170406$lBLL01$h1431
=CFI  0\$aCurrent Copyright Fee: GBP15.00$c101\0$e06-dec-2013$fGBP15.00$g0$hP$5Uk
=FFP  \\$aY$bBLDSS-3PM
=FIN  \\$aY$d20130802
=TOC  \\$aETOC
=UNO  \\$aY
=LAS  \\$a5552$b40$c20170406$lBLL01$h1431

