=LDR  01990 as a22005297i 4500
=001  016465183
=003  Uk
=005  20170223104505.0
=006  m\\\\\\\\d\|\\\\\\
=007  cr||||||||||||
=008  130802d19962000enktr\p\o\\\\\0\\\a0eng\\
=FMT  \\$a  SE
=022  0\$a2053-4205$202
=040  \\$aUk$beng$cUk$erda
=042  \\$aissnuk
=082  04$a574.16$220
=210  0\$aRev. reprod.$b(Online)
=222  \0$aReviews of reproduction$b(Online)
=245  00$aReviews of reproduction.
=260  \\$aCambridge :$bJournals of Reproduction and Fertility,$c1996-
=264  31$a[Britstol] :$bBioscientifica
=310  \\$aThree issues yearly
=336  \\$atext$2rdacontent
=337  \\$acomputer$2rdamedia
=338  \\$aonline resource$2rdacarrier
=540  \\$aCurrent Copyright Fee: GBP15.00$c101\0$5Uk
=580  \\$aMerged with: Journal of reproduction and fertility, to become: Reproduction (Cambridge, England)
=588  \\$aDescription based on print version record.
=588  \\$aLatest issue consulted: volume 5, number 3 (September 2000) (publisher's Web site, viewed August 2, 2013).
=776  0\$iAlso issued in print as:$tReviews of reproduction$x1359-6004
=785  07$tJournal of reproduction and fertility$x2053-4191
=785  07$tReproduction (Cambridge)$x1741-7899
=856  \\$31850-9999$uhttp://www.bioscientifica.com/$xBLDSS
=856  40$uhttp://www.reproduction-online.org/content/by/year
=945  \\$aReviews of reproduction.
=979  \\$aBritish Library$bDSC$j7794.260000
=CAT  \\$a11316$b40$c20130802$lBLL01$h1439
=CAT  \\$a5552$b40$c20131206$lBLL01$h1347
=CAT  \\$aBLDSS-3PM$b00$c20150131$lBLL01$h2315
=CAT  \\$aBATCH-UPD$b00$c20160413$lBLL01$h1826
=CAT  \\$a5552$b40$c20170223$lBLL01$h1045
=CFI  0\$aCurrent Copyright Fee: GBP15.00$c101\0$e06-dec-2013$fGBP15.00$g0$hP$5Uk
=FFP  \\$aY$bBLDSS-3PM
=FIN  \\$aY$d20130802
=TOC  \\$aETOC
=UNO  \\$aY
=LAS  \\$a5552$b40$c20170223$lBLL01$h1045

