=LDR  02015 as a22004937i 4500
=001  016476056
=003  Uk
=005  20170306132307.0
=006  m\\\\\\\\d\|\\\\\\
=007  cr||||||||||||
=008  130819d20042007enkmr\p\o\\\\\0\\\a0eng\\
=FMT  \\$a  SE
=022  0\$a2053-4280$202
=040  \\$aUk$beng$cUk$erda
=042  \\$aissnuk
=222  \0$aPractical professional child care$b(Online)
=245  00$aPractical professional child care.
=264  \1$aLondon :$bStep Forward Publishing
=310  \\$aMonthly
=336  \\$atext$2rdacontent
=337  \\$acomputer$2rdamedia
=338  \\$aonline resource$2rdacarrier
=540  \\$aCurrent Copyright Fee: GBP20.00$c97\0$5Uk
=580  \\$aIssues listed at Web site of later title: Child care.
=776  08$iAlso issued in print as:$tPractical professional child care$x1740-9799
=785  10$tChild care (London, England)$x1740-9799
=856  \\$31850-9999$uhttp://www.markallengroup.com/ma-healthcare/$xBLDSS
=856  40$uhttp://www.intered.uk.com/cgi-bin/go.pl/library/issues.html?journal_uid=34
=945  \\$aPractical professional child care.
=979  \\$aBritish Library$bDSC$j6595.518000N
=985  \\$aISSN description based on: Volume 1, issue 1 (April 2004); title from PDF article (intered, viewed August 19, 2013). Latest issue consulted: volume 4, issue 4 (April 2007) (viewed August 19, 2013).
=985  \\$aISSN RDA COMPLETION - TO BE CATALOGUED BY RDA TRAINED CATALOGUERS.
=CAT  \\$a11316$b40$c20130819$lBLL01$h0909
=CAT  \\$a11316$b40$c20130819$lBLL01$h0936
=CAT  \\$a5552$b40$c20170306$lBLL01$h1321
=CAT  \\$a5552$b40$c20170306$lBLL01$h1323
=CAT  \\$aBATCH-UPD$b40$c20170307$lBLL01$h2329
=CAT  \\$aBLDSS-3PM$b00$c20170315$lBLL01$h1704
=CAT  \\$aBATCH-UPD$b00$c20170315$lBLL01$h1709
=CFI  0\$aCurrent copyright fee: GBP20.00$c97\0$e06-mar-2017$fGBP20.00$g0$hP$5Uk
=FFP  \\$aY$bBLDSS-3PM
=FIN  \\$aY$d20130819
=UNO  \\$aY
=LAS  \\$aBATCH-UPD$b00$c20170315$lBLL01$h1709

