=LDR  01880cas a22005177i 4500
=001  016479515
=003  Uk
=005  20230426111049.0
=006  m\\\\\\\\d\|\\\\\\
=007  cr||||||||||||
=008  130821c20099999enkmn\p\o\\\\\0\\\a0eng\\
=FMT  \\$a  SE
=022  0\$a2053-6178$202
=040  \\$aUk$beng$cUk$erda
=042  \\$aissnuk
=222  \0$aClinical pharmacist$b(Online)
=245  00$aClinical pharmacist.
=264  \1$aLondon :$bPharmaceutical Press
=310  \\$aMonthly (combined July/Aug. issue)
=336  \\$atext$2rdacontent
=337  \\$acomputer$2rdamedia
=338  \\$aonline resource$2rdacarrier
=540  \\$aCurrent Copyright Fee: zero$c29\0$5Uk
=776  0\$iAlso issued in print as:$tClinical pharmacist$x1758-9061
=787  0\$tPJOnline$x2047-637X
=856  \\$31850-9999$uhttp://www.pharmpress.com/$xBLDSS
=856  40$uhttp://www.pjonline.com/clinical-pharmacist
=945  \\$aClinical pharmacist -London-
=979  \\$aBritish Library$bDSC$j3286.326650
=985  \\$aISSN description based on: Volume 5 (July/Aug. 2013); pdf viewed August 21 2013.
=985  \\$aISSN RDA COMPLETION - TO BE CATALOGUED BY RDA TRAINED CATALOGUERS.
=CAT  \\$a11313$b40$c20130821$lBLL01$h1444
=CAT  \\$a5552$b40$c20131128$lBLL01$h1447
=CAT  \\$aBLDSS-3PM$b00$c20150131$lBLL01$h2315
=CAT  \\$aBATCH-UPD$b00$c20160413$lBLL01$h1826
=CAT  \\$a5552$b40$c20161222$lBLL01$h0809
=CAT  \\$a5552$b40$c20210215$lBLL01$h0857
=CAT  \\$aBATCH-SUPP$c20230426$lBLL01$h1110
=CFI  0\$aCurrent Copyright Fee: zero$c29\0$e15-feb-2021$fGBP0.00$g0$hP$5Uk
=CFI  2\$aPrevious Copyright Fee: GBP35.00$c98\0$e28-nov-2013$fGBP35.00$g0$hP$5Uk
=FFP  \\$aY$bBLDSS-3PM
=FIN  \\$aY$d20130821
=LET  \0$aClinical pharmacist (Electronic)
=TOC  \\$aETOC
=UNO  \\$aY
=LAS  \\$aBATCH-SUPP$b00$c20230426$lBLL01$h1110

