=LDR  01924 as a22004937i 4500
=001  016556859
=003  Uk
=005  20201230140909.0
=006  m\\\\\\\\d\|\\\\\\
=007  cr||||||||||||
=008  131203d19951997enktr\p\o\\\\\0\\\a0eng\\
=FMT  \\$a  SE
=022  0\$a2054-5568$202
=040  \\$aUk$beng$cUk$erda
=042  \\$aissnuk
=082  04$a658.4$223
=210  0\$aBus. process re-engineering manag. j.$b(Online)
=222  \0$aBusiness process re-engineering & management journal$b(Online)
=245  00$aBusiness process re-engineering & management journal.
=246  00$aBusiness process re-engineering and management journal
=246  03$aBPR & MJ
=260  \\$aBradford :$bMCB University Press,$c1995-1997.
=310  \\$aThree times a year
=336  \\$atext$2rdacontent
=337  \\$acomputer$2rdamedia
=338  \\$aonline resource$2rdacarrier
=540  \\$aCurrent copyright fee: GBP30.00$c25\0$5Uk
=776  08$iAlso issued in print as:$tBusiness process re-engineering & management journal$x1355-2503
=856  \\$31850-9999$uhttp://www.emeraldinsight.com/$xBLDSS
=856  40$uhttp://www.emeraldinsight.com/journals.htm?issn=1355-2503
=945  \\$aBusiness process reengineering and management journal
=979  \\$aBritish Library$bDSC$j2934.637000
=985  \\$aISSN description based on: Print version record. Latest issue consulted: volume 2, issue 3 (1996) (Emerald, viewed December 3, 2013).
=CAT  \\$a11316$b40$c20131203$lBLL01$h1219
=CAT  \\$a5552$b40$c20201207$lBLL01$h0819
=CAT  \\$aBLDSS-3PM$b00$c20201230$lBLL01$h1355
=CAT  \\$aBLDSS-3PM$b00$c20201230$lBLL01$h1409
=CAT  \\$aBATCH-UPD$b00$c20201230$lBLL01$h1429
=CFI  0\$aCurrent copyright fee: GBP30.00$c25\0$e07-dec-2020$fGBP30.00$g0$hP$5Uk
=FFP  \\$aY$bBLDSS-3PM
=FIN  \\$aY$d20131203
=MNI  \\$a1355-2503
=UNO  \\$aY
=LAS  \\$aBATCH-UPD$b00$c20201230$lBLL01$h1429

