=LDR  01750 as a2200493 a 4500
=001  016645936
=003  Uk
=005  20140903142646.0
=008  140305c20039999gw\fx\p\\\\\\\0\\\a0eng\\
=FMT  \\$a  SE
=022  0\$a1611-2512
=040  \\$aUk$beng$cUk$dUk
=222  \0$aBildwelten des Wissens
=245  00$aBildwelten des Wissens :$bKunsthistorisches Jahrbuch for Bildkritik.
=246  30$aKunsthistorisches Jahrbuch for Bildkritik
=260  \\$aBerlin :$bAkademie Verlag,$cc2003-
=260  3\$aBerlin :$bde Gruyter
=300  \\$av. :$bill. (some col.) ;$c24 cm.
=310  \\$aTwo no. a year
=336  \\$atext$2rdacontent
=337  \\$aunmediated$2rdamedia
=338  \\$avolume$2rdacarrier
=362  0\$aBd. 1, 1-
=540  \\$aCurrent copyright fee: GBP27.00$c56\0$5Uk
=500  \\$aSome issues also have a distinctive title.
=546  \\$aChiefly German; some English.
=650  \0$aArt and science$vPeriodicals.
=650  \0$aPictures$xHistory and criticism$vPeriodicals.
=856  \\$31850-9999$uhttp://www.degruyter.com/$xBLDSS
=856  40$uhttp://www.degruyter.com/view/serial/234882
=945  \\$aBildwelten des wissens
=979  \\$aBritish Library$bDSC$j2055.775000N
=CAT  \\$a5552$b40$c20140305$lBLL01$h1208
=CAT  \\$a8201$b40$c20140902$lBLL01$h1538
=CAT  \\$a8201$b40$c20140903$lBLL01$h1426
=CAT  \\$aBLDSS-3PM$b00$c20150111$lBLL01$h1527
=CAT  \\$aBATCH-UPD$b00$c20160413$lBLL01$h1827
=CAT  \\$aBATCH-UPD$b00$c20160524$lBLL01$h2255
=CAT  \\$aBATCH-UPD$b00$c20160525$lBLL01$h0622
=CFI  0\$aCurrent copyright fee: GBP27.00$c56\0$e05-mar-2014$fGBP27.00$g0$hP$5Uk
=FFP  \\$aY$bBLDSS-3PM
=TOC  \\$aETOC
=UNO  \\$aY
=LAS  \\$aBATCH-UPD$b00$c20160525$lBLL01$h0622

