=LDR  02298 as a2200613 a 4500
=001  016646041
=003  Uk
=005  20140903143009.0
=006  m\\\\\o\\d\\\\\\\\
=007  cr||||||||||||
=008  081114c20099999gw\ar\pso\\\\\|\\\a0eng\c
=FMT  \\$a  SE
=010  \\$a  2008203986
=022  0\$a1944-4370$l1944-4370$y2194-6132$21
=035  \\$a(OCoLC)ocn271655427
=037  \\$bBerkeley Electronic Press, 2809 Telegraph Ave, Ste 202, Berkeley, CA 94705$c{dollar}275 (academic) {dollar}825 (corporate)
=040  \\$aNSDP$beng$cNSDP$dDLC$dCU-S$dOCoLC$dDLC$dOCoLC$dUk
=042  \\$aukblsr
=043  \\$an-us-ca
=050  00$aJK8701
=082  04$a320.05$223
=222  \0$aCalifornia journal of politics and policy
=245  00$aCalifornia journal of politics and policy$h[electronic resource].
=246  3\$aCJPP
=260  \\$aBerekely, CA :$bBerkeley Electronic Press
=264  31$aBerlin :$bde Gruyter
=310  \\$aAnnual
=336  \\$atext$2rdacontent
=337  \\$acomputer$2rdamedia
=338  \\$aonline resource$2rdacarrier
=362  1\$aBegan with vol. 1, issue 1 (Feb. 2009).
=540  \\$aCurrent copyright fee: GBP27.00$c56\0$5Uk
=588  \\$aDescription based on first issue; title from title screen (Berkeley Electronic Press website, viewed Apr. 27, 2009).
=650  \0$aPolitical science$vPeriodicals.
=651  \0$aCalifornia$xPolitics and government$vPeriodicals.
=856  \\$31850-9999$uhttp://www.degruyter.com/$xBLDSS
=856  40$uhttp://www.degruyter.com/view/j/cjpp
=945  \\$aCalifornia journal of politics and policy
=979  \\$aBritish Library$bDSC$j3015.007000N
=985  \\$d20120621$eedeposit SR1765678024
=985  \\$d20110128$eedeposit SR1552045029 [obsolete]
=CAT  \\$a5552$b40$c20140305$lBLL01$h1414
=CAT  \\$a8201$b40$c20140903$lBLL01$h1242
=CAT  \\$a8201$b40$c20140903$lBLL01$h1430
=CAT  \\$aBLDSS-3PM$b00$c20150111$lBLL01$h1527
=CAT  \\$aBATCH-UPD$b00$c20160413$lBLL01$h1827
=CAT  \\$aBATCH-UPD$b00$c20160524$lBLL01$h2255
=CAT  \\$aBATCH-UPD$b00$c20160525$lBLL01$h0622
=CFI  0\$aCurrent copyright fee: GBP27.00$c56\0$e05-mar-2014$fGBP27.00$g0$hP$5Uk
=FFP  \\$aY$bBLDSS-3PM
=SID  \\$aZ39$bLOC
=TOC  \\$aETOC
=UNO  \\$aY
=LAS  \\$aBATCH-UPD$b00$c20160525$lBLL01$h0622

