=LDR  01653 as a2200505 i 4500
=001  016651669
=003  Uk
=005  20201019120945.0
=006  m\\\\\|\\d\|\\\\\\
=007  cr\|||||||||||
=008  140312c20149999gw\fu\p\o\\\\\0\\\a0eng\\
=FMT  \\$a  SE
=022  0\$a2196-9663
=040  \\$aUk$beng$cUk$dUk
=082  04$a300.1$223
=245  00$aJournal of social ontology.
=246  3\$aJSO
=264  \1$aBerlin :$bde Gruyter
=310  \\$aTwo issues per year
=336  \\$atext$2rdacontent
=337  \\$acomputer$2rdamedia
=338  \\$aonline resource$2rdacarrier
=540  \\$aCurrent copyright fee: zero$c56\0$5Uk
=650  \0$aOntology.
=650  \0$aSocial sciences$vPeriodicals.
=856  \\$31850-9999$uhttp://www.degruyter.com/$xBLDSS
=856  40$uhttp://www.degruyter.com/view/j/jso
=945  \\$aJournal of social ontology
=979  \\$aBritish Library$bDSC$j5064.767000N
=CAT  \\$a5552$b40$c20140312$lBLL01$h0904
=CAT  \\$a5508$b40$c20140623$lBLL01$h1603
=CAT  \\$a5508$b40$c20140624$lBLL01$h1426
=CAT  \\$a8201$b40$c20140909$lBLL01$h1731
=CAT  \\$aBLDSS-3PM$b00$c20150111$lBLL01$h1527
=CAT  \\$aBATCH-UPD$b00$c20160413$lBLL01$h1827
=CAT  \\$aBATCH-UPD$b00$c20160524$lBLL01$h2255
=CAT  \\$aBATCH-UPD$b00$c20160525$lBLL01$h0622
=CAT  \\$a5552$b40$c20201019$lBLL01$h1209
=CFI  0\$aCurrent copyright fee: zero$c56\0$e19-oct-2020$fGBP0.00$g0$hP$5Uk
=CFI  2\$aPrevious copyright fee: GBP27.00$c56\0$e12-mar-2014$fGBP27.00$g0$hP$5Uk
=FFP  \\$aY$bBLDSS-3PM
=MNI  \\$a2196-9655
=TOC  \\$aETOC
=UNO  \\$aY
=LAS  \\$a5552$b40$c20201019$lBLL01$h1209

