=LDR  01595 as a2200457 i 4500
=001  016651997
=003  Uk
=005  20140910143405.0
=006  m\\\\\|\\d\|\\\\\\
=007  cr\|||||||||||
=008  140312c20139999gw\qu\p\o\\\\\0\\\a0eng\\
=FMT  \\$a  SE
=022  0\$a2195-4623$l2195-4615
=040  \\$aUk$beng$cUk$dUk
=082  04$a330.0151$223
=222  \0$aMathematical economics letters$b(Internet)
=245  00$aMathematical economics letters.
=264  \1$aBerlin :$bde Gruyter
=310  \\$aFour issues a year
=336  \\$atext$btxt$2rdacontent
=337  \\$acomputer$bc$2rdamedia
=338  \\$aonline resource$bcr$2rdacarrier
=540  \\$aCurrent copyright fee: GBP27.00$c56\0$5Uk
=650  \0$aEconomics, Mathematical.
=776  08$iAlso issued in print as:$tMathematical economics letters (Print)$x2195-4615
=856  \\$31850-9999$uhttp://www.degruyter.com/$xBLDSS
=856  40$uhttp://www.degruyter.com/view/j/mel
=945  \\$aMathematical economics letters
=979  \\$aBritish Library$bDSC$j5401.949500N
=CAT  \\$a5552$b40$c20140312$lBLL01$h1545
=CAT  \\$a8201$b40$c20140910$lBLL01$h1434
=CAT  \\$aBLDSS-3PM$b00$c20150111$lBLL01$h1527
=CAT  \\$aBATCH-UPD$b00$c20160413$lBLL01$h1827
=CAT  \\$aBATCH-UPD$b00$c20160413$lBLL01$h2124
=CAT  \\$aBATCH-UPD$b00$c20160524$lBLL01$h2255
=CAT  \\$aBATCH-UPD$b00$c20160525$lBLL01$h0622
=CFI  0\$aCurrent copyright fee: GBP27.00$c56\0$e12-mar-2014$fGBP27.00$g0$hP$5Uk
=FFP  \\$aY$bBLDSS-3PM
=TOC  \\$aETOC
=UNO  \\$aY
=LAS  \\$aBATCH-UPD$b00$c20160525$lBLL01$h0622

