=LDR  01713 as a2200505 i 4500
=001  016652494
=003  Uk
=005  20201019121213.0
=006  m\\\\\|\\d\|\\\\\\
=007  cr\|||||||||||
=008  140314c20129999gw\br\p\o\\\\\0\\\a0eng\\
=FMT  \\$a  SE
=022  0\$a2192-8614
=040  \\$aUk$beng$cUk$dUk
=082  04$a621.365$223
=222  \0$aNanophotonics (Berlin. Internet)
=245  00$aNanophotonics.
=264  \1$aBerlin :$bde Gruyter
=310  \\$aSix times a year
=336  \\$atext$btxt$2rdacontent
=337  \\$acomputer$bc$2rdamedia
=338  \\$aonline resource$bcr$2rdacarrier
=362  1\$aBegan in 2012.
=540  \\$aCurrent copyright fee: zero$c56\0$5Uk
=650  \0$aNanophotonics$vPeriodicals.
=776  08$iAlso issued in print as:$tNanophotonics (Berlin. Print)$x2192-8606
=856  \\$31850-9999$uhttp://www.degruyter.com/$xBLDSS
=856  40$uhttp://www.degruyter.com/view/j/nanoph
=945  \\$aNanophotonics
=979  \\$aBritish Library$bDSC$j9838.211000N
=CAT  \\$a5552$b40$c20140314$lBLL01$h1049
=CAT  \\$a8201$b40$c20140912$lBLL01$h1550
=CAT  \\$aBLDSS-3PM$b00$c20150111$lBLL01$h1527
=CAT  \\$aBATCH-UPD$b00$c20160413$lBLL01$h1827
=CAT  \\$aBATCH-UPD$b00$c20160413$lBLL01$h2124
=CAT  \\$aBATCH-UPD$b00$c20160524$lBLL01$h2255
=CAT  \\$aBATCH-UPD$b00$c20160525$lBLL01$h0622
=CAT  \\$a5552$b40$c20201019$lBLL01$h1212
=CFI  0\$aCurrent copyright fee: zero$c56\0$e19-oct-2020$fGBP0.00$g0$hP$5Uk
=CFI  2\$aPrevious copyright fee: GBP27.00$c56\0$e14-mar-2014$fGBP27.00$g0$hP$5Uk
=FFP  \\$aY$bBLDSS-3PM
=MNI  \\$a2192-8606
=TOC  \\$aETOC
=UNO  \\$aY
=LAS  \\$a5552$b40$c20201019$lBLL01$h1212

