=LDR  03054 as a2200661 a 4500
=001  016653397
=003  Uk
=005  20140917120917.0
=006  m\\\\\o\\d\\\\\\\\
=007  cr\|||
=008  061113c20059999cautr\pso\\\\\0\\\a0eng\c
=FMT  \\$a  SE
=010  \\$a  2007212959
=022  0\$a1935-6226$l1935-6226$21
=035  \\$a(OCoLC)ocm77123164
=037  \\$bBerkeley Electronic Press, 2809 Telegraph Ave. Ste. 202 Berkeley, CA 94705$c{dollar}275.00
=040  \\$aNN$beng$cNN$dNSDP$dMCM$dCU-S$dOCoLC$dOCLCO$dOCLCF$dDLC$dUk
=042  \\$aukblsr
=050  00$aELECTRONIC RESOURCE
=050  14$aJA1
=082  04$a320.05$223
=222  \0$aWorld political science review
=245  00$aWorld political science review$h[electronic resource].
=246  3\$aWPSR
=260  \\$a[Berkeley, CA] :$bBerkeley Electronic Press
=264  31$aBerlin :$bde Gruyter
=310  \\$aThree no. a year
=336  \\$atext$2rdacontent
=337  \\$acomputer$2rdamedia
=338  \\$aonline resource$2rdacarrier
=362  1\$aBegan with vol. 1, issue 1 (Mar. 2005).
=540  \\$aCurrent copyright fee: GBP27.00$c56\0$5Uk
=520  \\$aThe World Political Science Review (WPSR) publishes translations of prize-winning articles nominated by prominent national political science associations and journals around the world. Scholars in a field as international as political science need to know about important political research produced outside the English-speaking world. WPSR gathers together and translates an ever-increasing number of countries' best political science articles, bridging the language barriers that have made this cutting-edge research inaccessible up to now.
=538  \\$aMode of access: World Wide Web.
=588  \\$aDescription based on: Vol. 1, issue 1 (Mar. 2005); title from journal homepage (Berkeley Electronic Press, viewed May 20, 2008).
=588  \\$aLatest issue consulted: Vol. 4, issue 1 (Jan. 2008) (Berkeley Electronic Press, viewed May 20, 2008).
=650  \0$aPolitical science$vPeriodicals.
=650  \0$aPolitical science$xResearch$vPeriodicals.
=650  \0$aWorld politics$vPeriodicals.
=776  08$iAlso issued in print:$tWorld political science review (Print)$x2194-6248
=780  00$tEncounters (Online)$x1715-0647
=856  \\$31850-9999$uhttp://www.degruyter.com/$xBLDSS
=856  40$uhttp://www.degruyter.com/view/j/wpsr
=945  \\$aWorld political science review
=979  \\$aBritish Library$bDSC$j9358.077000N
=985  \\$d20140711$eedeposit SR11555008332
=CAT  \\$a5552$b40$c20140317$lBLL01$h1126
=CAT  \\$a8201$b40$c20140917$lBLL01$h1209
=CAT  \\$aBLDSS-3PM$b00$c20150111$lBLL01$h1527
=CAT  \\$aBATCH-UPD$b00$c20160413$lBLL01$h1827
=CAT  \\$aBATCH-UPD$b00$c20160524$lBLL01$h2255
=CAT  \\$aBATCH-UPD$b00$c20160525$lBLL01$h0622
=CFI  0\$aCurrent copyright fee: GBP27.00$c56\0$e17-mar-2014$fGBP27.00$g0$hP$5Uk
=FFP  \\$aY$bBLDSS-3PM
=SID  \\$aZ39$bLOC
=TOC  \\$aETOC
=UNO  \\$aY
=LAS  \\$aBATCH-UPD$b00$c20160525$lBLL01$h0622

