=LDR  01886 as a22004817i 4500
=001  016656389
=003  Uk
=005  20160926133516.0
=006  m\\\\\\\\d\|\\\\\\
=007  cr||||||||||||
=008  140321d20132013enktr\p\o\\\\\0\\\a0eng\\
=FMT  \\$a  SE
=022  0\$a2055-2815$202
=040  \\$aUk$beng$cUk$erda
=042  \\$aissnuk
=222  \0$aJournal of academic writing by students$b(Online)
=245  00$aJournal of academic writing by students.
=246  13$aJAWS
=264  \1$a[London] :$bProduced by the MRes Arts Practice course at Chelsea College of Art and Design
=310  \\$aThree issues yearly
=336  \\$atext$2rdacontent
=337  \\$acomputer$2rdamedia
=338  \\$aonline resource$2rdacarrier
=540  \\$aCurrent Copyright Fee: GBP10.00$c122\0$5Uk
=776  08$iAlso issued in print as:$tJournal of academic writing by students$x2052-3521
=785  00$tJournal of art writing by students$x2055-2831
=856  \\$31850-9999$uhttp://www.intellectbooks.co.uk/journals/index/$xBLDSS
=856  40$uhttp://www.jawsjournal.com/
=945  \\$aJournal of academic writing by students.
=979  \\$aBritish Library$bDSC$j4918.859430N
=985  \\$aISSN description based on: Spring issue (March 2013); viewed via ISSUU, March 21 2014.
=985  \\$aISSN RDA COMPLETION - TO BE CATALOGUED BY RDA TRAINED CATALOGUERS.
=CAT  \\$a11313$b40$c20140321$lBLL01$h0951
=CAT  \\$a11313$b40$c20140321$lBLL01$h1140
=CAT  \\$a5552$b40$c20160926$lBLL01$h1335
=CAT  \\$aBLDSS-3PM$b00$c20161003$lBLL01$h1446
=CAT  \\$aBATCH-UPD$b00$c20161003$lBLL01$h1447
=CFI  0\$aCurrent copyright fee: GBP10.00$c122\0$e26-sep-2016$fGBP10.00$g0$hP$5Uk
=FFP  \\$aY$bBLDSS-3PM
=FIN  \\$aY$d20140321
=LET  \0$aJaws. Journal of academic writing by students (Electronic)
=UNO  \\$aY
=LAS  \\$aBATCH-UPD$b00$c20161003$lBLL01$h1447

