=LDR  01702 as a22004817a 4500
=001  014050686
=003  Uk
=005  20170210122954.0
=006  m\\\\\\\\d\|\\\\\\
=007  cr||||||||||||
=008  071002c20069999enkqr\p\s\\\\\0\\\a0eng\\
=022  0\$a1756-0551$202
=040  \\$aUk$beng$cUk
=042  \\$aissnuk
=222  \0$aUnderwater technology$b(Online)
=245  00$aUnderwater technology :$bthe international journal of the Society for Underwater Technology$h[electronic resource].
=260  \\$aLondon :$bSociety for Underwater Technology
=310  \\$aQuarterly
=336  \\$atext$2rdacontent
=337  \\$acomputer$2rdamedia
=338  \\$aonline resource$2rdacarrier
=540  \\$aCurrent Copyright Fee: zero$c86\0$5Uk
=710  2\$aSociety for Underwater Technology.
=776  0\$tUnderwater technology$c(Print)$x1756-0543
=856  \\$31850-9999$uhttp://www.sut.org/$xBLDSS
=856  40$uhttp://www.ingentaconnect.com/content/sut/uwt
=945  \\$aUNDERWATER TECHNOLOGY -LONDON-
=979  \\$aBritish Library$bDSC$j9090.017900
=CAT  \\$a11313$b40$c20071002$lBLL01$h1035
=CAT  \\$a5552$b40$c20130325$lBLL01$h0839
=CAT  \\$aBLDSS-3PM$b00$c20150131$lBLL01$h2313
=CAT  \\$a5552$b40$c20150424$lBLL01$h1116
=CAT  \\$aBATCH-UPD$b40$c20160413$lBLL01$h1822
=CAT  \\$a5552$b40$c20170210$lBLL01$h1229
=CFI  0\$aCurrent copyright fee: zero$c86\0$e24-apr-2015$fGBP0.00$g0$hP$5Uk
=CFI  2\$aPrevious copyright fee: GBP12.00$c86\0$e25-mar-2013$fGBP12.00$g0$hP$5Uk
=FFP  \\$aY$bBLDSS-3PM
=FIN  \\$aY$d20071002
=FMT  \\$a  SE
=LAS  \\$a5552$b40$c20170210$lBLL01$h1229
=TCO  \\$aCLA$bCLA$c008
=TOC  \\$aETOC
=UNO  \\$aY

