=LDR  03460aas a2200853 a 4500
=001  014058491
=003  Uk
=005  20170424135612.0
=006  m\\\\\\\\d\|\\\\\\
=007  cr||||||||||||
=008  071010d20092013enktr\p\s\\\\\0\\\a0eng\\
=015  \\$aGBB3B4821$2bnb
=022  0\$a1756-140X$y1756-1396$202
=040  \\$aUk$beng$cUk$dUk
=042  \\$aissnuk$aukblsr
=082  04$a338.47095105$223
=130  0\$aJournal of Chinese entrepreneurship (Online)
=222  \0$aJournal of Chinese entrepreneurship$b(Online)
=245  10$aJournal of Chinese entrepreneurship$h[electronic resource].
=246  13$aJCE
=260  \\$aBingley :$bEmerald Group Publishing
=310  \\$aThree issues yearly
=336  \\$atext$2rdacontent
=337  \\$acomputer$2rdamedia
=338  \\$aonline resource$2rdacarrier
=362  0\$aVol. 1, issue 1 (2009)-vol. 5, no. 3 (2013).
=500  \\$aTitle from journal issue list (Emerald, viewed Jan. 22, 2013).
=540  \\$aCurrent copyright fee: GBP30.00$c25\0$5Uk
=588  \\$aLatest issue consulted: volume 5, number 3 (2013) (viewed May 30, 2014).
=650  \0$aEntrepreneurship$zChina$vPeriodicals.
=650  \0$aBusiness enterprises$zChina$vPeriodicals.
=650  \0$aBusiness enterprises, Foreign$zChina$vPeriodicals.
=650  \0$aIndustrial management$zChina$vPeriodicals.
=651  \0$aChina$xCommerce$vPeriodicals.
=690  7\$aManagement and Business Studies$2blcoll
=776  0\$tJournal of Chinese entrepreneurship$c(Print)$x1756-1396
=785  00$tJournal of entrepreneurship in emerging economies$x2053-4612
=856  \\$31850-9999$uhttp://www.emeraldinsight.com/$xBLDSS
=856  40$uhttp://www.emeraldinsight.com/journals.htm?issn=1756-1396
=945  \\$aJournal of Chinese entrepreneurship.
=979  \\$aBritish Library$bDSC$j4958.039550N
=ACF  \\$aPrevious copyright fee: GBP15.00$c25\0$e23-feb-2011$fGBP15.00$g0$hP$5Uk
=CAT  \\$a11316$b40$c20071010$lBLL01$h1511
=CAT  \\$a11315$b40$c20081203$lBLL01$h1347
=CAT  \\$a5552$b40$c20110223$lBLL01$h1424
=CAT  \\$a11315$b40$c20130122$lBLL01$h1205
=CAT  \\$aWR13.050$c20130324$lBLL01$h1445
=CAT  \\$aBATCH-UPD$b00$c20130904$lBLL01$h1926
=CAT  \\$aIPL-CLA$c20130930$lBLL01$h1754
=CAT  \\$a8464$b40$c20131204$lBLL01$h0929
=CAT  \\$a11316$b40$c20131212$lBLL01$h1519
=CAT  \\$aBATCH-MBS$c20131213$lBLL01$h2140
=CAT  \\$aWR14_009$c20140204$lBLL01$h2345
=CAT  \\$a8124$b40$c20140529$lBLL01$h1421
=CAT  \\$a11316$b40$c20140530$lBLL01$h1221
=CAT  \\$a8411$b40$c20140620$lBLL01$h1404
=CAT  \\$a8411$b40$c20140620$lBLL01$h1405
=CAT  \\$a8411$b40$c20140620$lBLL01$h1427
=CAT  \\$aBLDSS-3PM$b00$c20141121$lBLL01$h1852
=CAT  \\$aBATCH-UPD$b00$c20151109$lBLL01$h1747
=CAT  \\$aIPL-CLA$c20151109$lBLL01$h1813
=CAT  \\$aBATCH-UPD$b00$c20160413$lBLL01$h1822
=CAT  \\$a5552$b40$c20170424$lBLL01$h1356
=CFI  0\$aCurrent copyright fee: GBP30.00$c25\0$e09-nov-2015$fGBP30.00$g0$hP$5Uk
=CFI  2\$aPrevious copyright fee: GBP20.00$c25\0$e01-oct-2013$fGBP20.00$g0$hP$5Uk
=FFP  \\$aY$bBLDSS-3PM
=FIN  \\$aY$d20081203
=FMT  \\$a  SE
=LAS  \\$a5552$b40$c20170424$lBLL01$h1356
=LKR  \\$aPAR$b014058488$lBLL01$r7760$mJournal of Chinese entrepreneurship (Online)$nJournal of Chinese entrepreneurship (Print)
=MNI  \\$a1756-1396
=TCO  \\$aCLA$bCLA$c008
=TOC  \\$aETOC
=UNO  \\$aY

