=LDR  04354cas a2200949 a 4500
=001  014059026
=003  Uk
=005  20230511162937.0
=006  m\\\\\|\\d\|\\\\\\
=007  cr\|||||||||||
=008  071011d20032006ne\fr\p\\\\\\\0\\\a0mul\\
=FMT  \\$a  SE
=022  0\$a1570-1867
=040  \\$aUk$beng$cUk$dUk
=082  04$a907.2$223
=222  \0$aHistoriography East and West.
=245  00$aHistoriography East and West.
=260  \\$aLeiden :$bBrill,$c2003-2006.
=310  \\$aTwo issues per year
=336  \\$atext$2rdacontent
=337  \\$acomputer$2rdamedia
=338  \\$aonline resource$2rdacarrier
=362  0\$aVol. 1, no. 1 (2003)-v. 2, no. 2 (2006).
=540  \\$aCurrent Copyright Fee: GBP22.00$c74\0$5Uk
=650  \0$aHistoriography$vPeriodicals.
=856  \\$31850-9999$uhttp://www.brill.com/$xBLDSS
=856  40$uhttp://openurl.ingenta.com/content?genre=journal&issn=1570-1867
=856  40$uhttp://search.epnet.com/direct.asp?db=ufh&jid=%22U8G%22&scope=site
=945  \\$aHistoriography East and West
=979  \\$aBritish Library$cDSC$j4316.006005N
=CAT  \\$a5270$b40$c20071011$lBLL01$h1412
=CAT  \\$aBATCH-CLA$b00$c20110228$lBLL01$h1535
=CAT  \\$aIPL-CLA$c20110331$lBLL01$h1507
=CAT  \\$aBATCH-CLA$b00$c20110531$lBLL01$h1627
=CAT  \\$aIPL-CLA$c20110630$lBLL01$h1548
=CAT  \\$aBATCH-CLA$b00$c20110831$lBLL01$h1747
=CAT  \\$aIPL-CLA$c20110930$lBLL01$h1552
=CAT  \\$aBATCH-CLA$b00$c20111130$lBLL01$h1213
=CAT  \\$aIPL-CLA$c20111230$lBLL01$h2029
=CAT  \\$aBATCH-CLA$b00$c20120229$lBLL01$h1623
=CAT  \\$aIPL-CLA$c20120330$lBLL01$h1439
=CAT  \\$aBATCH-CLA$b00$c20120531$lBLL01$h1714
=CAT  \\$aIPL-CLA$c20120629$lBLL01$h1038
=CAT  \\$aBATCH-CLA$b00$c20121109$lBLL01$h1724
=CAT  \\$aBATCH-CLA$b00$c20121130$lBLL01$h1242
=CAT  \\$aWR12_168$c20121206$lBLL01$h1818
=CAT  \\$aIPL-CLA$c20121231$lBLL01$h1324
=CAT  \\$aIPL-CLA$c20130102$lBLL01$h1754
=CAT  \\$a5552$b40$c20130221$lBLL01$h1416
=CAT  \\$a8874$b40$c20130731$lBLL01$h1449
=CAT  \\$a8201$b40$c20140929$lBLL01$h1623
=CAT  \\$aBLDSS-3PM$b00$c20150131$lBLL01$h2313
=CAT  \\$aBATCH-UPD$b00$c20160413$lBLL01$h1822
=CAT  \\$aBATCH-UPD$b00$c20160524$lBLL01$h2300
=CAT  \\$aBATCH-UPD$b00$c20160525$lBLL01$h0653
=CAT  \\$a5410$b40$c20170109$lBLL01$h1240
=CAT  \\$aBATCH-FIX$c20230511$lBLL01$h1629
=CFI  0\$aCurrent Copyright Fee: GBP22.00$c74\0$e21-feb-2013$fGBP22.00$g0$hP$5Uk
=CFI  2\$aBritish Library not licensed to copy$c0$e01-jan-2013$hC$iCFP Excluded$5Uk
=FFP  \\$aY$bBLDSS-3PM
=TCO  \\$aNLD$bSTICHTING REPRORECHT$c008
=UNO  \\$aY
=ACF  \\$aPrevious Copyright Fee: GBP21.21$c0$e01-jul-2012$fGBP21.21$g0$hC$5Uk
=ACF  \\$aPrevious Copyright Fee: GBP21.00$c0$e01-jan-2012$fGBP21.00$g0$hC$5Uk
=ACF  \\$aPrevious Copyright Fee: GBP21.00$c0$e01-oct-2011$fGBP21.00$g0$hC$5Uk
=ACF  \\$aPrevious Copyright Fee: GBP21.00$c0$e01-jul-2011$fGBP21.00$g0$hC$5Uk
=ACF  \\$aPrevious Copyright Fee: GBP21.00$c0$e01-apr-2011$fGBP21.00$g0$hC$5Uk
=ACF  \\$aPrevious Copyright Fee: GBP21.00$c0$e01-jan-2011$fGBP21.00$g0$hC$5Uk
=ACF  \\$aPrevious Copyright Fee: GBP21.00$c0$e01-oct-2010$fGBP21.00$g0$hC$5Uk
=ACF  \\$aPrevious Copyright Fee: GBP21.00$c0$e01-jul-2010$fGBP21.00$g0$hC$5Uk
=ACF  \\$aPrevious Copyright Fee: GBP21.00$c0$e01-apr-2010$fGBP21.00$g0$hC$5Uk
=ACF  \\$aPrevious Copyright Fee: GBP21.00$c0$e01-Jan-2010$fGBP21.00$g0$hC$5Uk
=ACF  \\$aPrevious Copyright Fee: GBP21.43$c0$e01-jul-2009$fGBP21.43$g0$hC$5Uk
=ACF  \\$aPrevious Copyright Fee: GBP21.43$c0$e01-apr-2009$fGBP21.43$g0$hC$5Uk
=ACF  \\$aPrevious Copyright Fee: GBP18.75$c0$e01-jan-2009$fGBP18.75$g0$hC$5Uk
=ACF  \\$aPrevious Copyright Fee: GBP15.00$c0$e01-oct-2008$fGBP15.00$g0$hC$5Uk
=ACF  \\$aPrevious Copyright Fee: GBP12.50$c0$e01-jul-2008$fGBP12.50$g0$hC$5Uk
=ACF  \\$aPrevious Copyright Fee: GBP12.50$c0$e01-apr-2008$fGBP12.50$g0$hC$5Uk
=ACF  \\$aPrevious Copyright Fee: GBP12.50$c0$e01-jan-2008$fGBP12.50$g0$hC$5Uk
=ACF  \\$aPrevious copyright fee: GBP5.00$c0$e11-oct-2007$fGBP5.00$g0$hA$5Uk
=ACF  \\$aPrevious Copyright Fee: GBP22.58$c0$e01-apr-2012$fGBP22.58$g0$hC$5Uk
=LAS  \\$aBATCH-FIX$b00$c20230511$lBLL01$h1629

