=LDR  01921 as a22005417a 4500
=001  014232992
=003  Uk
=005  20190412150905.0
=006  m\\\\\\\\d\|\\\\\\
=007  cr||||||||||||
=008  071026d20082018enkqr\p\s\\\\\0\\\a0eng\\
=022  0\$a1756-2414$202
=040  \\$aUk$beng$cUk
=042  \\$aissnuk
=082  04$a617.69305$222
=210  0\$aEur. j. oral implantol.$b(Online)
=222  \0$aEuropean journal of oral implantology$b(Online)
=245  00$aEuropean journal of oral implantology$h[electronic resource].
=260  \\$aNew Malden :$bQuintessence
=310  \\$aQuarterly
=336  \\$atext$2rdacontent
=337  \\$acomputer$2rdamedia
=338  \\$aonline resource$2rdacarrier
=362  1\$aCeased with Volume 11, issue 4 (2018).$zInformation from publisher.
=540  \\$aCurrent Copyright Fee: GBP20.00$c91\0$5Uk
=776  0\$tEuropean journal of oral implantology$c(Print)$x1756-2406
=785  00$tInternational journal of oral implantology$x2631-6439
=856  \\$31850-9999$uhttp://www.quintpub.co.uk/$xBLDSS
=856  4\$uhttp://ejoi.quintessenz.de/
=945  \\$aEuropean journal of oral implantology.
=979  \\$aBritish Library$bDSC$j3829.733240
=CAT  \\$a11316$b40$c20071026$lBLL01$h1152
=CAT  \\$a11315$b40$c20080520$lBLL01$h1153
=CAT  \\$a5552$b40$c20130827$lBLL01$h1614
=CAT  \\$aBLDSS-3PM$b00$c20150131$lBLL01$h2313
=CAT  \\$aBATCH-UPD$b00$c20160413$lBLL01$h1822
=CAT  \\$aBATCH-UPD$b00$c20160524$lBLL01$h2300
=CAT  \\$aBATCH-UPD$b00$c20160525$lBLL01$h0653
=CAT  \\$a5552$b40$c20170523$lBLL01$h0843
=CAT  \\$a11313$b40$c20190412$lBLL01$h1509
=CFI  0\$aCurrent Copyright Fee: GBP20.00$c91\0$e27-aug-2013$fGBP20.00$g0$hP$5Uk
=FFP  \\$aY$bBLDSS-3PM
=FIN  \\$aY$d20080520
=FMT  \\$a  SE
=LAS  \\$a11313$b40$c20190412$lBLL01$h1509
=TCO  \\$aCLA$bCLA$c008
=TOC  \\$aETOC
=UNO  \\$aY

