=LDR  03475cas a22008417a 4500
=001  014340090
=003  Uk
=005  20230426110927.0
=006  m\\\\\\\\d\|\\\\\\
=007  cr||||||||||||
=008  071113d20052008enkuu\p\s\\\\\0\\\a0eng\\
=FMT  \\$a  SE
=022  0\$a1687-1324$202
=040  \\$aUk$beng$cUk
=042  \\$aissnuk
=210  0\$aInt. math. res. surv.$b(Online)
=222  \0$aInternational mathematics research surveys$b(Online)
=245  00$aInternational mathematics research surveys$h[electronic resource].
=246  3\$aIMRS
=260  \\$aCairo :$bHindawi Publishing Corporation
=260  3\$aOxford :$bOxford University Press
=336  \\$atext$2rdacontent
=337  \\$acomputer$2rdamedia
=338  \\$aonline resource$2rdacarrier
=540  \\$aCurrent copyright fee: GBP11.00$c29\0$5Uk
=776  0\$tInternational mathematics research surveys$x1687-1308
=856  \\$31850-9999$uhttp://ukcatalogue.oup.com/$xBLDSS
=856  40$uhttp://imrs.oxfordjournals.org/
=945  \\$aInternational mathematics research surveys.
=979  \\$aBritish Library$bDSC$j4544.001200
=985  \\$aResponsibility for ISSN taken by ISSN UK Centre from ISSN Egypt, 13/11/07
=CAT  \\$a6537$b40$c20071113$lBLL01$h0901
=CAT  \\$aIPL-CLA$c20121231$lBLL01$h1324
=CAT  \\$aIPL-CLA$c20130102$lBLL01$h1754
=CAT  \\$aBATCH-UPD$b00$c20141124$lBLL01$h1811
=CAT  \\$aBLDSS-3PM$b00$c20141208$lBLL01$h1626
=CAT  \\$aIPL-CLA$c20141231$lBLL01$h1657
=CAT  \\$aBATCH-UPD$b00$c20151119$lBLL01$h1551
=CAT  \\$aIPL-CLA$c20151231$lBLL01$h1927
=CAT  \\$a11313$b40$c20160107$lBLL01$h1556
=CAT  \\$aBATCH-UPD$b40$c20160413$lBLL01$h1822
=CAT  \\$aBATCH-UPD$b40$c20160524$lBLL01$h2212
=CAT  \\$aBATCH-UPD$b40$c20160525$lBLL01$h0031
=CAT  \\$aBATCH-UPD$b40$c20161122$lBLL01$h1521
=CAT  \\$aIPL-CLA$c20161230$lBLL01$h2251
=CAT  \\$a5552$b40$c20170428$lBLL01$h0854
=CAT  \\$a5410$b40$c20170502$lBLL01$h1420
=CAT  \\$aBATCH-UPD$b40$c20171121$lBLL01$h1704
=CAT  \\$aIPL-CLA$c20171231$lBLL01$h1726
=CAT  \\$aBATCH-UPD$b00$c20181217$lBLL01$h1652
=CAT  \\$aIPL-CLA$c20181231$lBLL01$h1546
=CAT  \\$aR1911-1518$c20191206$lBLL01$h1433
=CAT  \\$aIPL-CLA$c20191231$lBLL01$h1958
=CAT  \\$aBATCH-UPD$b00$c20220308$lBLL01$h1738
=CAT  \\$aIPL-CLA$c20220331$lBLL01$h1952
=CAT  \\$aS2302-1302$c20230322$lBLL01$h1708
=CAT  \\$aBATCH-SUPP$c20230426$lBLL01$h1109
=CFI  0\$aCurrent copyright fee: GBP11.00$c29\0$e01-apr-2022$fGBP11.00$g0$hP$5Uk
=CFI  2\$aPrevious Copyright Fee: GBP10.00$c29\0$e01-jan-2020$fGBP10.00$g0$hP$5Uk
=FFP  \\$aY$bBLDSS-3PM
=FIN  \\$aY$d20071113
=MNI  \\$a1387-1308
=TCO  \\$aCLA$bCLA$c008
=TOC  \\$aETOC
=UNO  \\$aY
=ACF  \\$aPrevious Copyright Fee: GBP18.00$c29\0$e01-oct-2008$fGBP18.00$g0$hP$5Uk
=ACF  \\$aPrevious copyright fee: GBP20.00$c29\0$e01-jan-2013$fGBP20.00$g0$hP$5Uk
=ACF  \\$aPrevious copyright fee: GBP23.00$c29\0$e01-jan-2015$fGBP23.00$g0$hP$5Uk
=ACF  \\$aPrevious copyright fee: GBP24.00$c29\0$e01-jan-2016$fGBP24.00$g0$hP$5Uk
=ACF  \\$aPrevious copyright fee: GBP26.00$c29\0$e01-jan-2017$fGBP26.00$g0$hP$5Uk
=ACF  \\$aPrevious copyright fee: GBP27.00$c29\0$e01-jan-2018$fGBP27.00$g0$hP$5Uk
=ACF  \\$aPrevious copyright fee: GBP28.00$c29\0$e01-jan-2019$fGBP28.00$g0$hP$5Uk
=LAS  \\$aBATCH-SUPP$b00$c20230426$lBLL01$h1109

