=LDR  04233cas a2200901 a 4500
=001  014502593
=003  Uk
=005  20221231221215.0
=006  m\\\\\\\\d\|\\\\\\
=007  cr||||||||||||
=008  080124c20099999enkqr\p\o\\\\\0\\\a0eng\\
=FMT  \\$a  SE
=022  0\$a1756-8323$202
=040  \\$aUk$beng$cUk$dUk
=042  \\$aissnuk
=082  04$a620.106$222
=130  0\$aInternational journal of emerging multidisciplinary fluid sciences (Online)
=210  0\$aInt. j. emerg. multidiscip. fluid sci.$b(Online)
=222  \0$aInternational journal of emerging multidisciplinary fluid sciences$b(Online)
=245  10$aInternational journal of emerging multidisciplinary fluid sciences$h[electronic resource].
=246  13$aIJEMFS
=260  \\$aBrentwood :$bMulti-Science Publishing
=310  \\$aQuarterly
=336  \\$atext$2rdacontent
=337  \\$acomputer$2rdamedia
=338  \\$aonline resource$2rdacarrier
=500  \\$aElectronic Format: Route ALL FAILED DSC requests to Records Team
=506  \\$aAvailable only to Remote Supply Service
=540  \\$aCurrent Copyright Fee: GBP25.00$c0$5Uk
=650  \0$aFluid mechanics$vPeriodicals.
=776  0\$tInternational journal of emerging multidisciplinary fluid sciences$x1756-8315
=856  \\$31850-9999$uhttp://www.multi-science.co.uk/$xBLDSS
=856  40$uhttp://www.ingentaconnect.com/content/mscp/ijemfs
=945  \\$aInternational journal of emerging multidisciplinary fluid sciences.
=979  \\$aBritish Library$bDSC$j4542.232850N
=985  \\$aRecord used by the Remote Supply Service to enable document supply from content licenced for copyright fee paid requests only. This content is not ingested by the BL.
=CAT  \\$a7152$b40$c20080124$lBLL01$h1624
=CAT  \\$a8201E$b40$c20140918$lBLL01$h1147
=CAT  \\$aBLDSS-3PM$b00$c20150131$lBLL01$h2313
=CAT  \\$a5552$b40$c20151130$lBLL01$h0914
=CAT  \\$a5552$b40$c20160218$lBLL01$h0813
=CAT  \\$aIPL-CLA$c20160331$lBLL01$h1747
=CAT  \\$aBATCH-UPD$b00$c20160413$lBLL01$h1822
=CAT  \\$aBATCH-UPD$b00$c20160824$lBLL01$h1743
=CAT  \\$aBATCH-UPD$b00$c20160824$lBLL01$h1827
=CAT  \\$aIPL-CLA$c20160930$lBLL01$h1619
=CAT  \\$a5410$b40$c20161122$lBLL01$h1030
=CAT  \\$aBATCH-UPD$b40$c20170216$lBLL01$h1831
=CAT  \\$aIPL-CLA$c20170331$lBLL01$h1857
=CAT  \\$aBATCH-UPD$b00$c20170904$lBLL01$h1836
=CAT  \\$aIPL-CLA$c20170929$lBLL01$h1743
=CAT  \\$aBATCH-UPD$b00$c20180223$lBLL01$h1654
=CAT  \\$aIPL-CLA$c20180331$lBLL01$h1635
=CAT  \\$aBATCH-UPD$b00$c20180823$lBLL01$h1929
=CAT  \\$a5552$b40$c20180911$lBLL01$h1053
=CAT  \\$aBATCH-CLA$b00$c20191219$lBLL01$h1745
=CAT  \\$aIPL-CLA$c20191231$lBLL01$h2002
=CAT  \\$aR2001-1524$c20200127$lBLL01$h2036
=CAT  \\$aBATCH-CLA$b00$c20201204$lBLL01$h1553
=CAT  \\$aIPL-CLA$c20201231$lBLL01$h2251
=CAT  \\$aBATCH-CLA$b00$c20221221$lBLL01$h1906
=CAT  \\$aIPL-CLA$c20221231$lBLL01$h2212
=CFI  0\$aCurrent Copyright Fee: GBP25.00$c0$e01-jan-2023$fGBP25.00$g0$hA$5Uk
=CFI  2\$aPrevious Copyright Fee: GBP22.50$c0$e01-jan-2021$fGBP22.50$g0$hA$5Uk
=FIN  \\$aY$d20090914
=LET  \0$aInternational journal of emerging multidisciplinary fluid sciences (Online)
=TCO  \\$aCLA$bCLA$c008
=ACF  \\$aPrevious Copyright Fee: GBP18.00$c63\0$e01-apr-2012$fGBP18.00$g0$hP$5Uk
=ACF  \\$aPrevious Copyright Fee: GBP12.00$c63\0$e01-feb-2012$fGBP12.00$g0$hP$5Uk
=ACF  \\$aPrevious Copyright Fee: GBP23.23$c63\0$e30-nov-2015$fGBP23.23$g0$hP$5Uk
=ACF  \\$aPrevious Copyright Fee: GBP27.59$c19\0$e01-apr-2016$fGBP27.59$g0$hP$5Uk
=ACF  \\$aPrevious copyright fee: GBP29.63$c19\0$e01-oct-2016$fGBP29.63$g0$hP$5Uk
=ACF  \\$aPrevious copyright fee: GBP32.00$c19\0$e01-apr-2017$fGBP32.00$g0$hP$5Uk
=ACF  \\$aPrevious copyright fee: GBP28.57$c19\0$e01-apr-2018$fGBP28.57$g0$hP$5Uk
=ACF  \\$aPrevious copyright fee: GBP30.77$c19\0$e01-oct-2017$fGBP30.77$g0$hP$5Uk
=ACF  \\$aPrevious copyright fee: GBP17.50$c0$e11-sep-2018$fGBP17.50$g0$hA$5Uk
=ACF  \\$aPrevious Copyright Fee: GBP20.00$c0$e01-jan-2020$fGBP20.00$g0$hA$5Uk
=LAS  \\$aIPL-CLA$b00$c20221231$lBLL01$h2212

