=LDR  03062cas a22006857a 4500
=001  014509058
=003  Uk
=005  20221231221230.0
=006  m\\\\\\\\d\|\\\\\\
=007  cr||||||||||||
=008  080130d20082014enktr\p\s\\\\\0\\\a0eng\\
=FMT  \\$a  SE
=022  0\$a1756-848X$202
=040  \\$aUk$beng$cUk
=042  \\$aissnuk
=222  \0$aEnhancing learning in the social sciences
=245  00$aEnhancing learning in the social sciences$h[electronic resource].
=246  3\$aELiSS
=246  13$aEnhancing learning and teaching in the social sciences
=260  \\$a[Great Britain] :$bELiSS
=310  \\$aThree issues yearly
=336  \\$atext$2rdacontent
=337  \\$acomputer$2rdamedia
=338  \\$aonline resource$2rdacarrier
=362  1\$aCeased in 2014.
=550  \\$aSupported by C-SAP, the Higher Education Academy Subject Network for Sociology, Anthropology, Politics.
=580  \\$aMerged with: Business and management education in HE, and: Engineering education, and: Bioscience education, and: Health and social care education, and: Journal for Education in the built environment, and: Planet, and: Innovation in teaching and learning in information and computer sciences to form Higher education pedagogies.
=540  \\$aCurrent copyright fee: GBP37.00$c2\0$5Uk
=710  2\$aHigher Education Academy (Great Britain).$bSociology, Anthropology, Politics.
=785  17$tHigher education pedagogies$x2375-2696
=785  17$tBusiness and management education in HE$x2052-3963
=785  17$tEngineering education$x1750-0052
=785  17$tBioscience education e-journal$x1479-7860
=785  17$tHealth and social care education$x2051-0888
=785  17$tJournal for education in the built environment$x1747-4205
=785  17$tPlanet$x1758-3608
=785  17$tInnovation in teaching and learning in information and computer sciences
=856  \\$31850-9999$uhttp://www.tandfonline.com/$xBLDSS
=856  40$uhttp://www.eliss.org.uk/
=979  \\$aBritish Library$bDSC$j3775.422030N
=CAT  \\$a6537$b40$c20080130$lBLL01$h1022
=CAT  \\$a6537$b40$c20080616$lBLL01$h1207
=CAT  \\$aBATCH-UPD$b40$c20080702$lBLL01$h1731
=CAT  \\$a5110$b40$c20170124$lBLL01$h0854
=CAT  \\$a5110$b40$c20170124$lBLL01$h1131
=CAT  \\$a12654$b40$c20201005$lBLL01$h0823
=CAT  \\$a12654$b40$c20201006$lBLL01$h1359
=CAT  \\$aBLDSS-3PM$b00$c20201015$lBLL01$h0928
=CAT  \\$aBATCH-UPD$b00$c20201015$lBLL01$h1019
=CAT  \\$aBATCH-UPD$b00$c20201118$lBLL01$h1335
=CAT  \\$aIPL-CLA$c20201231$lBLL01$h2251
=CAT  \\$aBATCH-UPD$b00$c20221121$lBLL01$h1348
=CAT  \\$aIPL-CLA$c20221231$lBLL01$h2212
=CFI  0\$aCurrent copyright fee: GBP37.00$c2\0$e01-jan-2023$fGBP37.00$g0$hP$5Uk
=CFI  2\$aPrevious copyright fee: GBP35.00$c2\0$e01-jan-2021$fGBP35.00$g0$hP$5Uk
=FFP  \\$aY$bBLDSS-3PM
=FIN  \\$aY$d20080616
=TCO  \\$aCLA$bCLA$c008
=ACF  \\$aPrevious copyright fee: GBP34.00$c2\0$e05-oct-2020$fGBP34.00$g0$hP$5Uk
=LAS  \\$aIPL-CLA$b00$c20221231$lBLL01$h2212

