=LDR  03367cas a2200829 a 4500
=001  014528135
=003  Uk
=005  20230930080919.0
=006  m\\\\\\\\d\|\\\\\\
=007  cr||||||||||||
=008  080222c20089999enkfr\p\o\\\\\0\\\a0eng\\
=FMT  \\$a  SE
=022  0\$a1757-093X$202
=040  \\$aUk$beng$cUk$dUk
=042  \\$aissnuk
=082  04$a338.476151028551$222
=210  0\$aPharm. program.$b(Online)
=222  \0$aPharmaceutical programming$b(Online)
=245  00$aPharmaceutical programming$h[electronic resource].
=260  \\$aLeeds :$bManey Publishing
=310  \\$aSemiannual
=336  \\$atext$2rdacontent
=337  \\$acomputer$2rdamedia
=338  \\$aonline resource$2rdacarrier
=540  \\$aCurrent copyright fee: GBP46.00$c2\0$5Uk
=650  \0$aPharmaceutical industry$xComputer programs$vPeriodicals.
=710  2\$aPharmaceutical Users Software Exchange (PHUSE)
=776  0\$tPharmaceutical programming$x1757-0921
=856  \\$31850-9999$uhttp://maneypublishing.com/$xBLDSS
=856  4\$uhttp://www.ingentaconnect.com/content/maney/pha
=945  \\$aPharmaceutical programming.
=979  \\$aBritish Library$bDSC$j6444.074200N
=CAT  \\$a11313$b40$c20080222$lBLL01$h1339
=CAT  \\$aISSN$b40$c20081119$lBLL01$h1002
=CAT  \\$a5552$b40$c20111214$lBLL01$h1410
=CAT  \\$aIPL-CLA$c20111230$lBLL01$h2030
=CAT  \\$a5552$b40$c20120402$lBLL01$h1434
=CAT  \\$aIPL-CLA$c20120629$lBLL01$h1038
=CAT  \\$a8201$b40$c20140808$lBLL01$h1416
=CAT  \\$aBLDSS-3PM$b00$c20141208$lBLL01$h1626
=CAT  \\$aBATCH-UPD$b00$c20151119$lBLL01$h1601
=CAT  \\$aIPL-CLA$c20151231$lBLL01$h1928
=CAT  \\$aBATCH-UPD$b00$c20160413$lBLL01$h1822
=CAT  \\$aBATCH-UPD$b00$c20161122$lBLL01$h1544
=CAT  \\$aBATCH-UPD$b00$c20161122$lBLL01$h1822
=CAT  \\$aIPL-CLA$c20161230$lBLL01$h2301
=CAT  \\$a5552$b40$c20170309$lBLL01$h1543
=CAT  \\$a5410$b40$c20170317$lBLL01$h1613
=CAT  \\$a5552$b40$c20190115$lBLL01$h1219
=CAT  \\$aBATCH-UPD$b40$c20191122$lBLL01$h1919
=CAT  \\$aIPL-CLA$c20191231$lBLL01$h2003
=CAT  \\$aBATCH-UPD$b00$c20201118$lBLL01$h1353
=CAT  \\$aIPL-CLA$c20201231$lBLL01$h1530
=CAT  \\$aBATCH-UPD$b00$c20221121$lBLL01$h1428
=CAT  \\$aIPL-CLA$c20221231$lBLL01$h1449
=CAT  \\$aR2308-1440$c20230824$lBLL01$h0929
=CAT  \\$aIPL-CLA$c20230930$lBLL01$h0809
=CFI  0\$aCurrent copyright fee: GBP46.00$c2\0$e01-oct-2023$fGBP46.00$g0$hP$5Uk
=CFI  2\$aPrevious copyright fee: GBP46.00$c47\0$e01-jan-2023$fGBP46.00$g0$hP$5Uk
=FFP  \\$aY$bBLDSS-3PM
=FIN  \\$aY$d20081119
=MNI  \\$a1757-0921
=TCO  \\$aCLA$bCLA$c008
=TOC  \\$aETOC
=ACF  \\$aPrevious Copyright Fee: GBP18.00$c47\0$e01-jan-2012$fGBP18.00$g0$hP$5Uk
=ACF  \\$aPrevious copyright fee: GBP30.00$c47\0$e01-jul-2012$fGBP30.00$g0$hP$5Uk
=ACF  \\$aPrevious copyright fee: GBP36.00$c47\0$e01-jan-2017$fGBP36.00$g0$hP$5Uk
=ACF  \\$aPrevious copyright fee: GBP34.00$c47\0$e01-jan-2016$fGBP34.00$g0$hP$5Uk
=ACF  \\$aPrevious copyright fee: GBP40.00$c47\0$e15-jan-2019$fGBP40.00$g0$hP$5Uk
=ACF  \\$aPrevious copyright fee: GBP42.00$c47\0$e01-jan-2020$fGBP42.00$g0$hP$5Uk
=ACF  \\$aPrevious copyright fee: GBP44.00$c47\0$e01-jan-2021$fGBP44.00$g0$hP$5Uk
=LAS  \\$aIPL-CLA$b00$c20230930$lBLL01$h0809

