=LDR  04058cas a2200889 a 4500
=001  014540302
=003  Uk
=005  20221231221409.0
=006  m\\\\\\\\d\|\\\\\\
=007  cr||||||||||||
=008  080307c20099999enkqr\p\o\\\\\0\\\a0eng\\
=FMT  \\$a  SE
=022  0\$a1757-2266$202
=040  \\$aUk$beng$cUk$dUk
=042  \\$aissnuk
=082  04$a629.105$222
=130  0\$aInternational journal of aerospace innovations (Online)
=210  0\$aInt. j. aerosp. innov.$b(Online)
=222  \0$aInternational journal of aerospace innovations$b(Online)
=245  10$aInternational journal of aerospace innovations$h[electronic resource].
=260  \\$aBrentwood :$bMulti-Science
=310  \\$aQuarterly
=336  \\$atext$2rdacontent
=337  \\$acomputer$2rdamedia
=338  \\$aonline resource$2rdacarrier
=500  \\$aElectronic Format: Route ALL FAILED DSC requests to Records Team
=506  \\$aAvailable only to Remote Supply Service
=540  \\$aCurrent Copyright Fee: GBP25.00$c0$5Uk
=650  \0$aAerospace engineering$vPeriodicals.
=776  0\$tInternational journal of aerospace innovations$x1757-2258
=856  \\$31850-9999$uhttp://www.multi-science.co.uk/$xBLDSS
=856  40$uhttp://www.multi-science.co.uk/ijai.htm
=945  \\$aInternational journal of aerospace innovations.
=979  \\$aBritish Library$bDSC$j4541.577240N
=985  \\$aRecord used by the Remote Supply Service to enable document supply from content licenced for copyright fee paid requests only. This content is not ingested by the BL.
=CAT  \\$a6537$b40$c20080307$lBLL01$h1442
=CAT  \\$aBLDSS-3PM$b00$c20150131$lBLL01$h2313
=CAT  \\$a5552$b40$c20151130$lBLL01$h0847
=CAT  \\$a5552$b40$c20160218$lBLL01$h0808
=CAT  \\$aIPL-CLA$c20160331$lBLL01$h1748
=CAT  \\$aBATCH-UPD$b00$c20160413$lBLL01$h1822
=CAT  \\$aBATCH-UPD$b00$c20160824$lBLL01$h1743
=CAT  \\$aBATCH-UPD$b00$c20160824$lBLL01$h1827
=CAT  \\$aIPL-CLA$c20160930$lBLL01$h1619
=CAT  \\$a11313$b40$c20161011$lBLL01$h1130
=CAT  \\$a5410$b40$c20161122$lBLL01$h1007
=CAT  \\$aBATCH-UPD$b40$c20170216$lBLL01$h1831
=CAT  \\$aIPL-CLA$c20170331$lBLL01$h1858
=CAT  \\$aBATCH-UPD$b00$c20170904$lBLL01$h1836
=CAT  \\$aIPL-CLA$c20170929$lBLL01$h1743
=CAT  \\$aBATCH-UPD$b00$c20180223$lBLL01$h1654
=CAT  \\$aIPL-CLA$c20180331$lBLL01$h1636
=CAT  \\$aBATCH-UPD$b00$c20180823$lBLL01$h1929
=CAT  \\$a5552$b40$c20180911$lBLL01$h1043
=CAT  \\$aBATCH-CLA$b00$c20191219$lBLL01$h1746
=CAT  \\$aIPL-CLA$c20191231$lBLL01$h2003
=CAT  \\$aR2001-1524$c20200127$lBLL01$h2037
=CAT  \\$aBATCH-CLA$b00$c20201204$lBLL01$h1553
=CAT  \\$aIPL-CLA$c20201231$lBLL01$h2252
=CAT  \\$aBATCH-CLA$b00$c20221221$lBLL01$h1906
=CAT  \\$aIPL-CLA$c20221231$lBLL01$h2214
=CFI  0\$aCurrent Copyright Fee: GBP25.00$c0$e01-jan-2023$fGBP25.00$g0$hA$5Uk
=CFI  2\$aPrevious Copyright Fee: GBP22.50$c0$e01-jan-2021$fGBP22.50$g0$hA$5Uk
=FIN  \\$aY$d20090314
=LET  \0$aInternational journal of aerospace innovation (Online)
=TCO  \\$aCLA$bCLA$c008
=ACF  \\$aPrevious Copyright Fee: GBP18.00$c63\0$e01-apr-2012$fGBP18.00$g0$hP$5Uk
=ACF  \\$aPrevious Copyright Fee: GBP12.00$c63\0$e01-feb-2012$fGBP12.00$g0$hP$5Uk
=ACF  \\$aPrevious Copyright Fee: GBP23.23$c63\0$e30-nov-2015$fGBP23.23$g0$hP$5Uk
=ACF  \\$aPrevious Copyright Fee: GBP27.59$c19\0$e01-apr-2016$fGBP27.59$g0$hP$5Uk
=ACF  \\$aPrevious copyright fee: GBP29.63$c19\0$e01-oct-2016$fGBP29.63$g0$hP$5Uk
=ACF  \\$aPrevious copyright fee: GBP32.00$c19\0$e01-apr-2017$fGBP32.00$g0$hP$5Uk
=ACF  \\$aPrevious copyright fee: GBP28.57$c19\0$e01-apr-2018$fGBP28.57$g0$hP$5Uk
=ACF  \\$aPrevious copyright fee: GBP30.77$c19\0$e01-oct-2017$fGBP30.77$g0$hP$5Uk
=ACF  \\$aPrevious copyright fee: GBP17.50$c0$e11-sep-2018$fGBP17.50$g0$hA$5Uk
=ACF  \\$aPrevious Copyright Fee: GBP20.00$c0$e01-jan-2020$fGBP20.00$g0$hA$5Uk
=LAS  \\$aIPL-CLA$b00$c20221231$lBLL01$h2214

