=LDR  02295 as a22005657a 4500
=001  014594049
=003  Uk
=005  20170428104042.0
=006  m\\\\\\\\d\|\\\\\\
=007  cr||||||||||||
=008  080421c20069999enkqr\p\s\\\\\0\\\a0eng\\
=FMT  \\$a  SE
=022  0\$a1757-5885$202
=040  \\$aUk$beng$cUk
=042  \\$aissnuk
=210  0\$aInt. j. comput. intell. appl.$b(Online)
=222  \0$aInternational journal on computational intelligence and applications$b(Online)
=245  00$aInternational journal on computational intelligence and applications$h[electronic resource].
=246  3\$aIJCIA
=260  \\$a[London :$bImperial College Press] ;$aSingapore :$bWorld Scientific [distributor]
=310  \\$aQuarterly
=336  \\$atext$2rdacontent
=337  \\$acomputer$2rdamedia
=338  \\$aonline resource$2rdacarrier
=540  \\$aCurrent copyright fee: GBP35.00$c28\0$5Uk
=776  0\$tInternational journal on computational intelligence and applications$x1469-0268
=856  \\$31850-9999$uhttp://www.worldscientific.com/$xBLDSS
=856  40$uhttp://www.worldscinet.com/ijcia/ijcia.shtml
=945  \\$aInternational journal on computational intelligence and applications.
=979  \\$aBritish Library$bDSC$j4542.173720
=CAT  \\$a6537$b40$c20080421$lBLL01$h1024
=CAT  \\$a5552$b40$c20141106$lBLL01$h0921
=CAT  \\$aBLDSS-3PM$b00$c20141208$lBLL01$h1626
=CAT  \\$aBATCH-UPD$b00$c20160413$lBLL01$h1822
=CAT  \\$a5552$b40$c20160720$lBLL01$h1218
=CAT  \\$aIPL-CLA$c20160930$lBLL01$h1620
=CAT  \\$aBATCH-UPD$b00$c20170315$lBLL01$h1206
=CAT  \\$aIPL-CLA$c20170315$lBLL01$h1248
=CAT  \\$a5552$b40$c20170428$lBLL01$h1040
=CAT  \\$aBATCH-UPD$b40$c20180524$lBLL01$h1737
=CAT  \\$aIPL-CLA$c20180630$lBLL01$h1925
=CFI  0\$aCurrent copyright fee: GBP35.00$c28\0$e01-jul-2018$fGBP35.00$g0$hP$5Uk
=CFI  2\$aPrevious copyright fee: GBP30.00$c28\0$e15-mar-2017$fGBP30.00$g0$hP$5Uk
=FFP  \\$aY$bBLDSS-3PM
=FIN  \\$aY$d20080421
=TCO  \\$aCLA$bCLA$c008
=TOC  \\$aETOC
=ACF  \\$aPrevious copyright fee: GBP20.00$c28\0$e25-jul-2013$fGBP20.00$g0$hP$5Uk
=ACF  \\$aPrevious copyright fee: GBP25.00$c28\0$e01-oct-2016$fGBP25.00$g0$hP$5Uk
=LAS  \\$aIPL-CLA$b00$c20180630$lBLL01$h1925

