=LDR  03377cas a22007097a 4500
=001  014678172
=003  Uk
=005  20221231221959.0
=006  m\\\\\\\\d\|\\\\\\
=007  cr||||||||||||
=008  080728d20012013enkfr\p\s\\\\\0\\\a0eng\\
=FMT  \\$a  SE
=022  0\$a1758-3608$202
=040  \\$aUk$beng$cUk$dUk
=042  \\$aissnuk
=082  04$a910.7104105$222
=222  \0$aPlanet$b(Plymouth. Online)
=245  00$aPlanet$h[electronic resource].
=260  \\$aPlymouth :$bLTSN National Subject Centre for Geography, Earth and Environmental Sciences
=260  3\$3Dec. 2004-$aPlymouth :$bHigher Education Academy, Subject Centre for Geography, Earth and Environmental Sciences
=310  \\$aSemiannual
=336  \\$atext$2rdacontent
=337  \\$acomputer$2rdamedia
=338  \\$aonline resource$2rdacarrier
=362  1\$aCeased in 2013.
=580  \\$aMerged with: Business and management education in HE, and: Engineering education, and: Bioscience education, and: Health and social care education, and: Enhancing learning in the social sciences, and: Journal for Education in the built environment, and: Innovation in teaching and learning in information and computer sciences to form Higher education pedagogies.
=540  \\$aCurrent copyright fee: GBP37.00$c2\0$5Uk
=710  2\$aLearning and Teaching Support Network.$bNational Subject Centre for Geography, Earth and Environmental Sciences.
=710  2\$aHigher Education Academy (Great Britain).$bSubject Centre for Geography, Earth and Environmental Sciences.
=776  0\$tPlanet (Plymouth, England)$x1473-1835
=785  17$tHigher education pedagogies$x2375-2696
=785  17$tBusiness and management education in HE$x2052-3963
=785  17$tEngineering education$x1750-0052
=785  17$tBioscience education e-journal$x1479-7860
=785  17$tHealth and social care education$x2051-0888
=785  17$tEnhancing learning in the social sciences$x1756-848X
=785  17$tJournal for education in the built environment$x1747-4205
=785  17$tInnovation in teaching and learning in information and computer sciences
=856  \\$31850-9999$uhttp://www.tandfonline.com/$xBLDSS
=856  40$uhttp://www.gees.ac.uk/pubs/planet/index.htm
=856  40$uhttp://www.heacademy.ac.uk/journals/planet
=979  \\$aBritish Library$cDSC$j6508.237000N
=CAT  \\$a11316$b40$c20080728$lBLL01$h0936
=CAT  \\$a11316$b40$c20080728$lBLL01$h0942
=CAT  \\$a5100$b40$c20080730$lBLL01$h0915
=CAT  \\$a10806$b40$c20121001$lBLL01$h0959
=CAT  \\$a5110$b40$c20170124$lBLL01$h1137
=CAT  \\$a12654$b40$c20200930$lBLL01$h0811
=CAT  \\$a12654$b40$c20201006$lBLL01$h1000
=CAT  \\$aBLDSS-3PM$b00$c20201015$lBLL01$h0928
=CAT  \\$aBATCH-UPD$b00$c20201015$lBLL01$h1019
=CAT  \\$aBATCH-UPD$b00$c20201118$lBLL01$h1335
=CAT  \\$aIPL-CLA$c20201231$lBLL01$h2256
=CAT  \\$aBATCH-UPD$b00$c20221121$lBLL01$h1348
=CAT  \\$aIPL-CLA$c20221231$lBLL01$h2219
=CFI  0\$aCurrent copyright fee: GBP37.00$c2\0$e01-jan-2023$fGBP37.00$g0$hP$5Uk
=CFI  2\$aPrevious copyright fee: GBP35.00$c2\0$e01-jan-2021$fGBP35.00$g0$hP$5Uk
=FFP  \\$aY$bBLDSS-3PM
=FIN  \\$aY$d20080728
=TCO  \\$aCLA$bCLA$c008
=ACF  \\$aPrevious copyright fee: GBP34.00$c2\0$e30-sep-2020$fGBP34.00$g0$hP$5Uk
=LAS  \\$aIPL-CLA$b00$c20221231$lBLL01$h2219

