=LDR  03648 as a2200865 a 4500
=001  014682378
=003  Uk
=005  20161122113629.0
=006  m\\\\\o\\d\\\\\\\\
=007  cr||||||||||||
=008  100506d20102013enktr\poo\\\\\0\\\a0eng\d
=FMT  \\$a  SE
=015  \\$aGBB3B7346$2bnb
=022  0\$a1758-5538$y1758-552X$202
=035  \\$a(OCoLC)800132069
=040  \\$aWaSeSS$cCUD$dOCLCQ$dUk
=042  \\$aissnuk$aukblsr
=043  \\$aa-cc---
=050  \4$aQ1.A3.C6
=082  04$a509.51$223
=130  0\$aJournal of science and technology policy in China (Online)
=222  \0$aJournal of science and technology policy in China$b(Online)
=245  10$aJournal of science and technology policy in China$h[electronic resource].
=260  \\$aBingley :$bEmerald Group Publishing
=310  \\$aThree issues yearly
=336  \\$atext$2rdacontent
=337  \\$acomputer$2rdamedia
=338  \\$aonline resource$2rdacarrier
=362  1\$aBegan with Vol. 1, issue 1 (2010).
=588  \\$aDescription based on: Vol. 1, issue 1 (2010); title from table of contents page (publisher's website, viewed May 6, 2010).
=588  \\$aLatest issue consulted: volume 4, issue 3 (2013) (Emerald, viewed December 20, 2013).
=538  \\$aMode of access: World Wide Web.
=540  \\$aCurrent copyright fee: GBP30.00$c25\0$5Uk
=650  \0$aScience and state$zChina$vPeriodicals.
=650  \0$aTechnology and state$zChina$vPeriodicals.
=776  08$iAlso issued in print:$tJournal of science and technology policy in China$x1758-552X
=785  00$tJournal of science and technology policy management$x2053-4639
=856  \\$31850-9999$uhttp://www.emeraldinsight.com/$xBLDSS
=856  40$uhttp://www.emeraldinsight.com/journals.htm?issn=1758-552X
=945  \\$aJournal of science and technology policy in China
=979  \\$aBritish Library$bDSC$j5054.931001N
=CAT  \\$a11313$b40$c20080731$lBLL01$h1320
=CAT  \\$aBATCH$b00$c20081124$lBLL01$h1136
=CAT  \\$a8124$b40$c20100520$lBLL01$h1111
=CAT  \\$a8124$b40$c20100520$lBLL01$h1112
=CAT  \\$a9729$b40$c20100825$lBLL01$h1433
=CAT  \\$a9729$b40$c20100825$lBLL01$h1437
=CAT  \\$a5552$b40$c20110224$lBLL01$h1120
=CAT  \\$aWR13.050$c20130324$lBLL01$h1445
=CAT  \\$aBATCH-UPD$b00$c20130904$lBLL01$h1927
=CAT  \\$aIPL-CLA$c20130930$lBLL01$h1800
=CAT  \\$a8478$b40$c20131203$lBLL01$h0935
=CAT  \\$a8478$b40$c20131203$lBLL01$h0936
=CAT  \\$a8478$b40$c20131203$lBLL01$h0937
=CAT  \\$a11316$b40$c20131220$lBLL01$h1117
=CAT  \\$aWR14_009$c20140204$lBLL01$h2345
=CAT  \\$a8411$b40$c20140623$lBLL01$h0900
=CAT  \\$a5997$b40$c20140922$lBLL01$h1409
=CAT  \\$aBLDSS-3PM$b00$c20141121$lBLL01$h1852
=CAT  \\$aBATCH-UPD$b00$c20151109$lBLL01$h1747
=CAT  \\$aIPL-CLA$c20151109$lBLL01$h1813
=CAT  \\$aBATCH-UPD$b00$c20160413$lBLL01$h1823
=CAT  \\$a5410$b40$c20161122$lBLL01$h1136
=CFI  0\$aCurrent copyright fee: GBP30.00$c25\0$e09-nov-2015$fGBP30.00$g0$hP$5Uk
=CFI  2\$aPrevious copyright fee: GBP20.00$c25\0$e01-oct-2013$fGBP20.00$g0$hP$5Uk
=FFP  \\$aY$bBLDSS-3PM
=FIN  \\$aY$d20100520
=LET  \0$aJournal of science and technology policy in China (Electronic)
=LKR  \\$aPAR$b014682372$lBLL01$nJournal of science and technology policy in China (Print)$mJournal of science and technology policy in China (Online)$r776
=MNI  \\$a1758-552X
=SID  \\$aZ39$bOCLC
=TCO  \\$aCLA$bCLA$c008
=UNO  \\$aY
=ACF  \\$aPrevious copyright fee: GBP15.00$c25\0$e24-feb-2011$fGBP15.00$g0$hP$5Uk
=LAS  \\$a5410$b40$c20161122$lBLL01$h1136

