=LDR  02918cas a2200721 a 4500
=001  014682586
=003  Uk
=005  20230511162949.0
=006  m\\\\\|\\d\|\\\\\\
=007  cr\|||||||||||
=008  080731c20079999ne\fr\p\\\\\\\0\\\b0mul\\
=FMT  \\$a  SE
=022  0\$a1872-5473$l1872-5082
=040  \\$aUk$beng$cUk$dUk
=082  04$a184$223
=222  \0$aInternational journal of the Platonic tradition$b(Online)
=245  04$aThe International journal of the platonic tradition.
=260  \\$aLeiden :$bBrill,$c2007-
=310  \\$aTwo no. a year
=336  \\$atext$2rdacontent
=337  \\$acomputer$2rdamedia
=338  \\$aonline resource$2rdacarrier
=595  \\$aSee card index
=540  \\$aCurrent copyright fee: GBP22.00$c74\0$5Uk
=600  00$aPlato$vPeriodicals.
=650  \0$aPlatonists$vPeriodicals.
=776  08$iAlso issued in print as:$tInternational journal of the Platonic tradition (Print)$x1872-5082
=856  \\$31850-9999$uhttp://www.brill.com/$xBLDSS
=856  40$uhttp://www.brill.com/international-journal-platonic-tradition
=945  \\$aInternational journal of the platonic tradition
=979  \\$aBritish Library$bDSC$j4542.470105N$xDSC Not Selected
=CAT  \\$a5466$b40$c20080731$lBLL01$h1542
=CAT  \\$aBATCH-UPD$b40$c20100226$lBLL01$h0156
=CAT  \\$aBATCH-UPD$b40$c20100331$lBLL01$h2349
=CAT  \\$aBATCH-UPD$b40$c20100401$lBLL01$h0303
=CAT  \\$aBATCH$b00$c20100401$lBLL01$h0607
=CAT  \\$aBATCH$b00$c20100401$lBLL01$h1640
=CAT  \\$aBATCH-UPD$b00$c20101124$lBLL01$h1952
=CAT  \\$aBATCH-UPD$b00$c20101125$lBLL01$h1218
=CAT  \\$aIPL-CLA$c20101231$lBLL01$h1525
=CAT  \\$aWR11_203$c20111204$lBLL01$h1514
=CAT  \\$aIPL-CLA$c20111230$lBLL01$h2031
=CAT  \\$a8439$b40$c20121102$lBLL01$h1357
=CAT  \\$a8439$b40$c20121106$lBLL01$h1545
=CAT  \\$aBATCH-CLA$b00$c20121109$lBLL01$h1722
=CAT  \\$a8201$b40$c20140929$lBLL01$h1643
=CAT  \\$aBLDSS-3PM$b00$c20150131$lBLL01$h2313
=CAT  \\$aBATCH-UPD$b00$c20160413$lBLL01$h1823
=CAT  \\$aBATCH-UPD$b00$c20160524$lBLL01$h2300
=CAT  \\$aBATCH-UPD$b00$c20160525$lBLL01$h0653
=CAT  \\$a5552$b40$c20160606$lBLL01$h1539
=CAT  \\$aBATCH-FIX$c20230511$lBLL01$h1629
=CFI  0\$aCurrent copyright fee: GBP22.00$c74\0$e06-jun-2016$fGBP22.00$g0$hP$5Uk
=CFI  2\$aPrevious copyright fee: zero$c74\0$e02-nov-2012$fGBP0.00$g0$hP$5Uk
=FFP  \\$aY$bBLDSS-3PM
=TCO  \\$aNLD$bSTICHTING REPRORECHT$c008
=TOC  \\$aETOC
=UNO  \\$aY
=ACF  \\$aPrevious copyright fee: GBP12.00$c0$e01-jan-2012$fGBP12.00$g0$hA$5Uk
=ACF  \\$aPrevious copyright fee: GBP10.50$c0$e01-jan-2011$fGBP10.50$g0$hA$5Uk
=ACF  \\$aPrevious copyright fee: GBP9.00$c0$e01-apr-2010$fGBP9.00$g0$hA$5Uk
=ACF  \\$aPrevious copyright fee: GBP6.00$c0$e31-jul-2008$fGBP6.00$g0$hA$5Uk
=LAS  \\$aBATCH-FIX$b00$c20230511$lBLL01$h1629

