=LDR  02080 as a22005657a 4500
=001  014687274
=003  Uk
=005  20170515144223.0
=006  m\\\\\\\\d\|\\\\\\
=007  cr||||||||||||
=008  080806d19902003enkbx\p\s\\\\\0\\\a0eng\\
=FMT  \\$a  SE
=022  0\$a1758-583X$202
=040  \\$aUk$beng$cUk
=042  \\$aissnuk
=210  0\$aIntegr. manuf. syst.$b(Online)
=222  \0$aIntegrated manufacturing systems$b(Online)
=245  00$aIntegrated manufacturing systems$h[electronic resource].
=260  \\$aBingley :$bEmerald
=310  \\$aEight issues yearly
=321  \\$aBi-monthly
=321  \\$aQuarterly
=336  \\$atext$2rdacontent
=337  \\$acomputer$2rdamedia
=338  \\$aonline resource$2rdacarrier
=540  \\$aCurrent Copyright Fee: GBP30.00$c25\0$5Uk
=776  0\$tIntegrated manufacturing systems$x0957-6061
=780  05$tInternational journal of agile management systems$c(Online)$x1758-5929
=785  00$tJournal of manufacturing technology management$c(Online)$x1758-7786
=856  \\$31850-9999$uhttp://www.emeraldinsight.com/$xBLDSS
=856  40$uhttp://www.emeraldinsight.com/Insight/viewContainer.do;jsessionid=7067B21EFB9A0CC4B1BF62C7E497D4B3?containerType=Journal&containerId=10766
=945  \\$aIntegrated manufacturing systems.
=979  \\$aBritish Library$bDSC$j4531.816060
=CAT  \\$a6537$b40$c20080806$lBLL01$h1028
=CAT  \\$a6537$b40$c20080806$lBLL01$h1121
=CAT  \\$a6537$b40$c20080806$lBLL01$h1123
=CAT  \\$a6537$b40$c20080806$lBLL01$h1439
=CAT  \\$a6537$b40$c20080814$lBLL01$h1450
=CAT  \\$a5552$b40$c20151111$lBLL01$h1130
=CAT  \\$aBLDSS-3PM$b00$c20151123$lBLL01$h1623
=CAT  \\$aBATCH-UPD$b00$c20160413$lBLL01$h1823
=CAT  \\$a5552$b40$c20170515$lBLL01$h1441
=CAT  \\$a5552$b40$c20170515$lBLL01$h1442
=CFI  0\$aCurrent copyright fee: GBP30.00$c25\0$e11-nov-2015$fGBP30.00$g0$hP$5Uk
=FFP  \\$aY$bBLDSS-3PM
=FIN  \\$aY$d20080806
=TCO  \\$aCLA$bCLA$c008
=TOC  \\$aETOC
=UNO  \\$aY
=LAS  \\$a5552$b40$c20170515$lBLL01$h1442

