=LDR  01917 as a22004937a 4500
=001  014687726
=003  Uk
=005  20201230140908.0
=006  m\\\\\\\\d\|\\\\\\
=007  cr||||||||||||
=008  080806d19901995enk\x\p\s\\\\\0\\\a0eng\\
=FMT  \\$a  SE
=022  0\$a1758-5945$202
=040  \\$aUk$beng$cUk
=042  \\$aissnuk
=210  0\$aInt. j. career manag.$b(Online)
=222  \0$aInternational journal of career management$b(Online)
=245  00$aInternational journal of career management$h[electronic resource].
=260  \\$aBingley :$bEmerald
=310  \\$aFrequency varies
=336  \\$atext$2rdacontent
=337  \\$acomputer$2rdamedia
=338  \\$aonline resource$2rdacarrier
=540  \\$aCurrent copyright fee: GBP30.00$c25\0$5Uk
=580  \\$aMerged with: Executive development, to become: Career development international.
=776  0\$tInternational journal of career management$x0955-6214
=785  17$tExecutive development$c(Online)$x1758-6011
=785  17$tCareer development international$c(Online)$x1758-6003
=856  \\$31850-9999$uhttp://www.emeraldinsight.com/$xBLDSS
=856  40$uhttp://www.emeraldinsight.com/Insight/viewContainer.do;jsessionid=59D3AB5AA357EDF6C7F79063797854F2?containerType=Journal&containerId=11592
=945  \\$aInternational journal of career management
=979  \\$aBritish Library$bDSC$j4542.161200
=CAT  \\$a6537$b40$c20080806$lBLL01$h1504
=CAT  \\$a11316$b40$c20080807$lBLL01$h1227
=CAT  \\$a5552$b40$c20201208$lBLL01$h1345
=CAT  \\$aBLDSS-3PM$b00$c20201230$lBLL01$h1355
=CAT  \\$aBLDSS-3PM$b00$c20201230$lBLL01$h1409
=CAT  \\$aBATCH-UPD$b00$c20201230$lBLL01$h1429
=CFI  0\$aCurrent copyright fee: GBP30.00$c25\0$e08-dec-2020$fGBP30.00$g0$hP$5Uk
=FFP  \\$aY$bBLDSS-3PM
=FIN  \\$aY$d20080806
=TCO  \\$aCLA$bCLA$c008
=UNO  \\$aY
=LAS  \\$aBATCH-UPD$b00$c20201230$lBLL01$h1429

