=LDR  01520 as a22004577a 4500
=001  014688261
=003  Uk
=005  20201230140908.0
=006  m\\\\\\\\d\|\\\\\\
=007  cr||||||||||||
=008  080807d19891995enkbx\p\s\\\\\0\\\a0eng\\
=FMT  \\$a  SE
=022  0\$a1758-6011$202
=040  \\$aUk$beng$cUk
=042  \\$aissnuk
=222  \0$aExecutive development$b(Online)
=245  00$aExecutive development$h[electronic resource].
=260  \\$aBingley :$bEmerald
=310  \\$aSeven issues yearly
=336  \\$atext$2rdacontent
=337  \\$acomputer$2rdamedia
=338  \\$aonline resource$2rdacarrier
=540  \\$aCurrent copyright fee: GBP30.00$c25\0$5Uk
=776  0\$tExecutive development$x0953-3230
=856  \\$31850-9999$uhttp://www.emeraldinsight.com/$xBLDSS
=856  40$uhttp://info.emeraldinsight.com/products/journals/journals.htm?id=aaaj
=945  \\$aExecutive development
=979  \\$aBritish Library$bDSC$j3836.213800
=CAT  \\$a11316$b40$c20080807$lBLL01$h1220
=CAT  \\$a11316$b40$c20080807$lBLL01$h1228
=CAT  \\$a5552$b40$c20201208$lBLL01$h1339
=CAT  \\$aBLDSS-3PM$b00$c20201230$lBLL01$h1355
=CAT  \\$aBLDSS-3PM$b00$c20201230$lBLL01$h1409
=CAT  \\$aBATCH-UPD$b00$c20201230$lBLL01$h1429
=CFI  0\$aCurrent copyright fee: GBP30.00$c25\0$e08-dec-2020$fGBP30.00$g0$hP$5Uk
=FFP  \\$aY$bBLDSS-3PM
=FIN  \\$aY$d20080807
=MNI  \\$a0953-3230
=TCO  \\$aCLA$bCLA$c008
=UNO  \\$aY
=LAS  \\$aBATCH-UPD$b00$c20201230$lBLL01$h1429

