=LDR  01703 as a22004697a 4500
=001  014693634
=003  Uk
=005  20170523141019.0
=006  m\\\\\\\\d\|\\\\\\
=007  cr||||||||||||
=008  080814d19902002enkqx\p\s\\\\\0\\\a0eng\\
=FMT  \\$a  SE
=022  0\$a1758-7085$202
=040  \\$aUk$beng$cUk
=042  \\$aissnuk
=222  \0$aEnvironmental management and health$b(Online)
=245  00$aEnvironmental management and health$h[electronic resource].
=260  \\$aBingley :$bEmerald
=310  \\$aFive issues yearly
=336  \\$atext$2rdacontent
=337  \\$acomputer$2rdamedia
=338  \\$aonline resource$2rdacarrier
=540  \\$aCurrent Copyright Fee: GBP30.00$c25\0$5Uk
=776  0\$tEnvironmental management and health$x0956-6163
=785  00$tManagement of environmental quality$c(Online)$x1758-6119
=856  \\$31850-9999$uhttp://www.emeraldinsight.com/$xBLDSS
=856  40$uhttp://www.emeraldinsight.com/Insight/viewContainer.do;jsessionid=0F7EB02F911838E04A1D13A3B4945FF0?containerType=Journal&containerId=12152
=945  \\$aEnvironmental management and health.
=979  \\$aBritish Library$bDSC$j3791.519200
=CAT  \\$a11316$b40$c20080814$lBLL01$h1151
=CAT  \\$a11316$b40$c20080814$lBLL01$h1152
=CAT  \\$a5552$b40$c20151111$lBLL01$h1050
=CAT  \\$aBLDSS-3PM$b00$c20151123$lBLL01$h1623
=CAT  \\$aBATCH-UPD$b00$c20160413$lBLL01$h1823
=CAT  \\$a5552$b40$c20170523$lBLL01$h1410
=CFI  0\$aCurrent copyright fee: GBP30.00$c25\0$e11-nov-2015$fGBP30.00$g0$hP$5Uk
=FFP  \\$aY$bBLDSS-3PM
=FIN  \\$aY$d20080814
=TCO  \\$aCLA$bCLA$c008
=TOC  \\$aETOC
=UNO  \\$aY
=LAS  \\$a5552$b40$c20170523$lBLL01$h1410

