=LDR  01876 as a22005177a 4500
=001  014693698
=003  Uk
=005  20170418140710.0
=006  m\\\\\\\\d\|\\\\\\
=007  cr||||||||||||
=008  080814d19862002enkbr\p\s\\\\\0\\\a0eng\\
=FMT  \\$a  SE
=022  0\$a1758-7441$202
=040  \\$aUk$beng$cUk
=042  \\$aissnuk
=210  0\$aJ. manage. med.$b(Online)
=222  \0$aJournal of management in medicine$b(Online)
=245  00$aJournal of management in medicine$h[electronic resource].
=260  \\$aBingley :$bEmerald
=310  \\$aBi-monthly
=321  \\$aQuarterly
=336  \\$atext$2rdacontent
=337  \\$acomputer$2rdamedia
=338  \\$aonline resource$2rdacarrier
=540  \\$aCurrent copyright fee: GBP30.00$c25\0$5Uk
=776  0\$tJournal of management in medicine$x0268-9235
=780  05$tHealth manpower management$c(Online)$x1758-7158
=785  00$tJournal of health organization and management$c(Online)$x1758-7247
=856  \\$31850-9999$uhttp://www.emeraldinsight.com/$xBLDSS
=856  40$uhttp://www.emeraldinsight.com/Insight/viewContainer.do;jsessionid=DE58DD148D615AA17A6E08205945CA8D?containerType=Journal&containerId=12265
=945  \\$aJournal of management in medicine.
=979  \\$aBritish Library$bDSC$j5011.370000
=CAT  \\$a6537$b40$c20080814$lBLL01$h1235
=CAT  \\$a6537$b40$c20080814$lBLL01$h1240
=CAT  \\$a11316$b40$c20080814$lBLL01$h1443
=CAT  \\$a5552$b40$c20151111$lBLL01$h1428
=CAT  \\$aBLDSS-3PM$b00$c20151123$lBLL01$h1623
=CAT  \\$aBATCH-UPD$b00$c20160413$lBLL01$h1823
=CAT  \\$a5552$b40$c20170418$lBLL01$h1407
=CFI  0\$aCurrent copyright fee: GBP30.00$c25\0$e11-nov-2015$fGBP30.00$g0$hP$5Uk
=FFP  \\$aY$bBLDSS-3PM
=FIN  \\$aY$d20080814
=TCO  \\$aCLA$bCLA$c008
=TOC  \\$aETOC
=UNO  \\$aY
=LAS  \\$a5552$b40$c20170418$lBLL01$h1407

