=LDR  01948 as a22005177a 4500
=001  014694352
=003  Uk
=005  20170407105005.0
=006  m\\\\\\\\d\|\\\\\\
=007  cr||||||||||||
=008  080815d19901998enkqx\p\s\\\\\0\\\a0eng\\
=FMT  \\$a  SE
=022  0\$a1758-7867$202
=040  \\$aUk$beng$cUk$dUk
=042  \\$aissnuk
=210  0\$aJ. prop. valuat. invest.$b(Online)
=222  \0$aJournal of property valuation and investment$b(Online)
=245  00$aJournal of property valuation and investment$h[electronic resource].
=260  \\$aBingley :$bEmerald
=310  \\$aFive issues yearly,$b1995-1998
=321  \\$aQuarterly,$b1990-1994
=336  \\$atext$2rdacontent
=337  \\$acomputer$2rdamedia
=338  \\$aonline resource$2rdacarrier
=540  \\$aCurrent Copyright Fee: GBP30.00$c25\0$5Uk
=776  0\$tJournal of property valuation & investment$x0960-2712
=780  00$tJournal of valuation$x2396-9067
=780  05$tJournal of property finance$x1758-7875
=785  00$tJournal of property investment & finance (Online)$x1470-2002
=856  \\$31850-9999$uhttp://www.emeraldinsight.com/$xBLDSS
=856  40$uhttp://www.emeraldinsight.com/Insight/viewContainer.do;jsessionid=86E6647857D45ACCCAB15F79CF2C580A?containerType=Journal&containerId=12209
=945  \\$aJournal of property valuation and investment.
=979  \\$aBritish Library$bDSC$j5042.781500
=CAT  \\$a6537$b40$c20080815$lBLL01$h1011
=CAT  \\$a11316$b40$c20151005$lBLL01$h1440
=CAT  \\$a5552$b40$c20151111$lBLL01$h1434
=CAT  \\$aBLDSS-3PM$b00$c20151123$lBLL01$h1623
=CAT  \\$aBATCH-UPD$b00$c20160413$lBLL01$h1823
=CAT  \\$a5552$b40$c20170407$lBLL01$h1050
=CFI  0\$aCurrent copyright fee: GBP30.00$c25\0$e11-nov-2015$fGBP30.00$g0$hP$5Uk
=FFP  \\$aY$bBLDSS-3PM
=FIN  \\$aY$d20080815
=TCO  \\$aCLA$bCLA$c008
=TOC  \\$aETOC
=UNO  \\$aY
=LAS  \\$a5552$b40$c20170407$lBLL01$h1050

