=LDR  02288 as a22006017a 4500
=001  014704055
=003  Uk
=005  20161122101029.0
=006  m\\\\\\\\d\|\\\\\\
=007  cr||||||||||||
=008  080828c20099999enkqr\p\s\\\\\0\\\a0eng\\
=FMT  \\$a  SE
=022  0\$a1758-826X$202
=040  \\$aUk$beng$cUk
=042  \\$aissnuk
=082  04$a620.1005
=210  0\$aInt. j. appl. mech.$b(Online)
=222  \0$aInternational journal of applied mechanics$b(Online)
=245  00$aInternational journal of applied mechanics$h[electronic resource].
=246  13$aIJAM
=260  \\$aLondon :$bImperial College Press
=310  \\$aQuarterly
=336  \\$atext$2rdacontent
=337  \\$acomputer$2rdamedia
=338  \\$aonline resource$2rdacarrier
=540  \\$aCurrent copyright fee: GBP35.00$c28\0$5Uk
=776  0\$tInternational journal of applied mechanics$x1758-8251
=856  \\$31850-9999$uhttp://www.worldscientific.com/$xBLDSS
=856  4\$uhttp://www.worldscinet.com/ijam/
=945  \\$aInternational journal of applied mechanics
=979  \\$aBritish Library$bDSC$j4542.089750N
=CAT  \\$a7152$b40$c20080828$lBLL01$h1054
=CAT  \\$a11205$b40$c20100127$lBLL01$h1423
=CAT  \\$aISSN$b40$c20100312$lBLL01$h1100
=CAT  \\$a5552$b40$c20131206$lBLL01$h1111
=CAT  \\$aBLDSS-3PM$b00$c20141208$lBLL01$h1626
=CAT  \\$aBATCH-UPD$b00$c20160413$lBLL01$h1823
=CAT  \\$a5552$b40$c20160720$lBLL01$h1205
=CAT  \\$aIPL-CLA$c20160930$lBLL01$h1622
=CAT  \\$a5410$b40$c20161122$lBLL01$h1010
=CAT  \\$aBATCH-UPD$b40$c20170315$lBLL01$h1206
=CAT  \\$aIPL-CLA$c20170315$lBLL01$h1248
=CAT  \\$aBATCH-UPD$b00$c20180524$lBLL01$h1737
=CAT  \\$aIPL-CLA$c20180630$lBLL01$h1926
=CFI  0\$aCurrent copyright fee: GBP35.00$c28\0$e01-jul-2018$fGBP35.00$g0$hP$5Uk
=CFI  2\$aPrevious copyright fee: GBP30.00$c28\0$e15-mar-2017$fGBP30.00$g0$hP$5Uk
=FFP  \\$aY$bBLDSS-3PM
=FIN  \\$aY$d20100127
=LET  \0$aInternational journal of applied mechanics (Online)
=TCO  \\$aCLA$bCLA$c008
=ACF  \\$aPrevious copyright fee: GBP20.00$c28\0$e06-dec-2013$fGBP20.00$g0$hP$5Uk
=ACF  \\$aPrevious copyright fee: GBP25.00$c28\0$e01-oct-2016$fGBP25.00$g0$hP$5Uk
=LAS  \\$aIPL-CLA$b00$c20180630$lBLL01$h1926

