=LDR  02393cas a22006497a 4500
=001  014820784
=003  Uk
=005  20230511162952.0
=006  m\\\\\\\\d\|\\\\\\
=007  cr||||||||||||
=008  081118d20092011enkbr\p\s\\\\\0\\\a0eng\\
=FMT  \\$a  SE
=022  0\$a1759-636X$202
=040  \\$aUk$beng$cUk
=042  \\$aissnuk
=222  \0$aWilmott journal$b(Online)
=245  00$aWilmott journal$h[electronic resource].
=260  \\$aOxford :$bWiley-Blackwell
=310  \\$aBimonthly
=336  \\$atext$2rdacontent
=337  \\$acomputer$2rdamedia
=338  \\$aonline resource$2rdacarrier
=540  \\$aCurrent copyright fee: GBP32.00$c35\0$5Uk
=776  0\$tWilmott journal$x1759-6351
=787  0\$tWilmott (Online)$x1541-8286
=856  \\$31850-9999$uhttp://onlinelibrary.wiley.com/$xBLDSS
=856  40$uhttp://www3.interscience.wiley.com/journal/122241163/home
=945  \\$aWilmott journal.
=979  \\$aBritish Library$bDSC$j9319.061800N
=CAT  \\$a7152$b40$c20081118$lBLL01$h1433
=CAT  \\$a7152$b40$c20081119$lBLL01$h1126
=CAT  \\$aBATCH$b00$c20081124$lBLL01$h1136
=CAT  \\$a5997$b40$c20100116$lBLL01$h0705
=CAT  \\$a5552$b40$c20110209$lBLL01$h1211
=CAT  \\$a11316$b40$c20130424$lBLL01$h1222
=CAT  \\$a11316$b40$c20130424$lBLL01$h1223
=CAT  \\$aBLDSS-3PM$b00$c20141214$lBLL01$h1525
=CAT  \\$aBATCH-UPD$b00$c20150215$lBLL01$h1702
=CAT  \\$aIPL-CLA$c20150228$lBLL01$h2054
=CAT  \\$aBATCH-UPD$b00$c20160413$lBLL01$h1823
=CAT  \\$a5552$b40$c20170209$lBLL01$h1311
=CAT  \\$a5410$b40$c20170221$lBLL01$h1358
=CAT  \\$aBATCH-UPD$b40$c20180219$lBLL01$h1753
=CAT  \\$aBATCH-UPD$b40$c20181121$lBLL01$h1625
=CAT  \\$aIPL-CLA$c20181231$lBLL01$h1548
=CAT  \\$a5552$b40$c20200115$lBLL01$h0826
=CAT  \\$aBATCH-FIX$c20230511$lBLL01$h1629
=CFI  0\$aCurrent Copyright Fee: GBP32.00$c35\0$e15-jan-2020$fGBP32.00$g0$hP$5Uk
=CFI  2\$aPrevious copyright fee: GBP28.00$c35\0$e01-jan-2019$fGBP28.00$g0$hP$5Uk
=FFP  \\$aY$bBLDSS-3PM
=FIN  \\$aY$d20100116
=LET  \0$aWilmott journal (Online)
=TCO  \\$aCLA$bCLA$c008
=UNO  \\$aY
=ACF  \\$aPrevious copyright fee: GBP24.00$c35\0$e01-mar-2015$fGBP24.00$g0$hP$5Uk
=ACF  \\$aPrevious copyright fee: GBP22.00$c35\0$e09-feb-2011$fGBP22.00$g0$hP$5Uk
=LAS  \\$aBATCH-FIX$b00$c20230511$lBLL01$h1629

