=LDR  06062cas a2201249 a 4500
=001  014918492
=003  Uk
=005  20220930142755.0
=006  m\\\\\o\\d\\\\\\\\
=007  cr\un|||||||||
=008  100128d20092012enkqr\pso\\\\\0\\\a0eng\d
=FMT  \\$a  SE
=022  0\$a2040-4034$202
=035  \\$a(OCoLC)502282358
=040  \\$aOCLCS$beng$cOCLCS$dOCLCS$dOCLCQ$dVRC$dOCLCQ$dOCLCF$dUk
=042  \\$aissnuk$aukblsr
=043  \\$ae-uk---
=060  \4$aW1$bJO748DEU
=082  04$a362.10425805$223
=130  0\$aInternational journal of care pathways (Online)
=210  0\$aInt. j. care pathw.$b(Online)
=222  \0$aInternational journal of care pathways$b(Online)
=245  10$aInternational journal of care pathways$h[electronic resource].
=246  1\$iFrom <2014-> website title:$aInternational journal of care coordination
=260  \\$aLondon :$bRoyal Society of Medicine Press,$c2009-2012.
=264  31$3December 2012$aLondon :$bSAGE
=310  \\$aQuarterly,$b2010-2012
=321  \\$aSemiannual,$b2009
=336  \\$atext$2rdacontent
=337  \\$acomputer$2rdamedia
=338  \\$aonline resource$2rdacarrier
=362  1\$aPrint began with v. 13, no. 1 (Apr. 2009).
=362  0\$a-vol. 16, no. 4 (December 2012).
=530  \\$aAlso issued in print.
=538  \\$aMode of access: World Wide Web.
=588  \\$aDescription based on print version record.
=588  \\$aLatest issue consulted: volume 16, number 4 (December 2012) (SAGE journals, viewed September 2, 2014).
=540  \\$aCurrent copyright fee: GBP36.32$c19\0$5Uk
=650  \0$aIntegrated delivery of health care$vPeriodicals.
=650  \0$aManaged care plans (Medical care)$vPeriodicals.
=710  2\$aEuropean Pathway Association.
=776  1\$tInternational journal of care pathways$x2040-4026
=780  00$tJournal of integrated care pathways$x1758-1079
=785  00$tInternational journal of care coordination$x2053-4353
=856  \\$31850-9999$uhttp://www.uk.sagepub.com/home.nav$xBLDSS
=856  40$uhttp://icp.sagepub.com/
=945  \\$aInternational journal of care pathways.
=979  \\$aBritish Library$bDSC$j4542.160500
=CAT  \\$a11315$b40$c20090227$lBLL01$h1356
=CAT  \\$aIPL-CLA$c20170331$lBLL01$h1902
=CAT  \\$a5552$b40$c20170509$lBLL01$h1200
=CAT  \\$aBATCH-UPD$b40$c20170904$lBLL01$h1833
=CAT  \\$aIPL-CLA$c20170929$lBLL01$h1748
=CAT  \\$aBATCH-UPD$b00$c20180223$lBLL01$h1651
=CAT  \\$aIPL-CLA$c20180331$lBLL01$h1642
=CAT  \\$aBATCH-UPD$b00$c20180823$lBLL01$h1935
=CAT  \\$a5552$b40$c20180910$lBLL01$h1623
=CAT  \\$aIPL-CLA$c20180930$lBLL01$h1510
=CAT  \\$aBATCH-UPD$b00$c20190521$lBLL01$h1411
=CAT  \\$aIPL-CLA$c20190630$lBLL01$h1542
=CAT  \\$aBATCH-UPD$b00$c20190829$lBLL01$h1528
=CAT  \\$aIPL-CLA$c20190930$lBLL01$h1646
=CAT  \\$aBATCH-UPD$b00$c20200219$lBLL01$h1515
=CAT  \\$aIPL-CLA$c20200331$lBLL01$h1623
=CAT  \\$aBATCH-UPD$b00$c20200522$lBLL01$h1458
=CAT  \\$aIPL-CLA$c20200701$lBLL01$h0106
=CAT  \\$aBATCH-UPD$b00$c20210226$lBLL01$h1038
=CAT  \\$aIPL-CLA$c20210331$lBLL01$h1701
=CAT  \\$aBATCH-UPD$b00$c20210707$lBLL01$h1602
=CAT  \\$aIPL-CLA$c20210707$lBLL01$h1844
=CAT  \\$aBATCH-UPD$b00$c20220520$lBLL01$h1634
=CAT  \\$aIPL-CLA$c20220630$lBLL01$h1538
=CAT  \\$aBATCH-UPD$b00$c20220824$lBLL01$h0901
=CAT  \\$aIPL-CLA$c20220930$lBLL01$h1427
=CFI  0\$aCurrent copyright fee: GBP36.32$c19\0$e01-oct-2022$fGBP36.32$g0$hP$5Uk
=CFI  2\$aPrevious copyright fee: GBP34.86$c19\0$e01-jul-2022$fGBP34.86$g0$hP$5Uk
=FFP  \\$aY$bBLDSS-3PM
=FIN  \\$aY$d20090604
=LET  \0$aInternational journal of care pathways (Electronic)
=LKR  \\$aPAR$b014649448$lBLL01$r78000$mInternational journal of care pathways (Online)$nJournal of integrated care pathways (Online)
=LKR  \\$aPAR$b014918490$lBLL01$nInternational journal of care pathways (Print)$mInternational journal of care pathways (Online)$r776
=LKR  \\$aPAR$b016469411$lBLL01$r78500$mInternational journal of care pathways (Online)$nInternational journal of care coordination (Online)
=SID  \\$aZ39$bOCLC
=TCO  \\$aCLA$bCLA$c008
=TOC  \\$aETOC
=UNO  \\$aY
=ACF  \\$aPrevious copyright fee: GBP20.00$c19\0$e12-mar-2013$fGBP20.00$g0$hP$5Uk
=ACF  \\$aPrevious copyright fee: GBP20.64$c19\0$e01-jul-2013$fGBP20.64$g0$hP$5Uk
=ACF  \\$aPrevious copyright fee: GBP20.00$c19\0$e01-jan-2014$fGBP20.00$g0$hP$5Uk
=ACF  \\$aPrevious copyright fee: GBP19.39$c19\0$e01-jul-2014$fGBP19.39$g0$hP$5Uk
=ACF  \\$aPrevious copyright fee: GBP20.65$c19\0$e01-apr-2015$fGBP20.65$g0$hP$5Uk
=ACF  \\$aPrevious copyright fee: GBP21.33$c19\0$e01-jul-2015$fGBP21.33$g0$hP$5Uk
=ACF  \\$aPrevious copyright fee: GBP20.65$c19\0$e01-oct-2015$fGBP20.65$g0$hP$5Uk
=ACF  \\$aPrevious copyright fee: GBP24.83$c19\0$e01-apr-2016$fGBP24.83$g0$hP$5Uk
=ACF  \\$aPrevious copyright fee: GBP26.67$c19\0$e01-oct-2016$fGBP26.67$g0$hP$5Uk
=ACF  \\$aPrevious copyright fee: GBP28.80$c19\0$e01-apr-2017$fGBP28.80$g0$hP$5Uk
=ACF  \\$aPrevious copyright fee: GBP25.71$c19\0$e01-apr-2018$fGBP25.71$g0$hP$5Uk
=ACF  \\$aPrevious copyright fee: GBP27.69$c19\0$e01-oct-2017$fGBP27.69$g0$hP$5Uk
=ACF  \\$aPrevious copyright fee: GBP28.57$c19\0$e10-sep-2018$fGBP28.57$g0$hP$5Uk
=ACF  \\$aPrevious copyright fee: GBP30.77$c19\0$e01-oct-2018$fGBP30.77$g0$hP$5Uk
=ACF  \\$aPrevious copyright fee: GBP32.31$c19\0$e01-jul-2019$fGBP32.31$g0$hP$5Uk
=ACF  \\$aPrevious copyright fee: GBP33.60$c19\0$e01-oct-2019$fGBP33.60$g0$hP$5Uk
=ACF  \\$aPrevious copyright fee: GBP33.52$c19\0$e01-apr-2020$fGBP33.52$g0$hP$5Uk
=ACF  \\$aPrevious copyright fee: GBP34.86$c19\0$e01-jul-2020$fGBP34.86$g0$hP$5Uk
=ACF  \\$aPrevious copyright fee: GBP32.28$c19\0$e01-apr-2021$fGBP32.28$g0$hP$5Uk
=ACF  \\$aPrevious copyright fee: GBP31.13$c19\0$e07-jul-2021$fGBP31.13$g0$hP$5Uk
=LAS  \\$aIPL-CLA$b00$c20220930$lBLL01$h1427

