=LDR  03739cas a22008777a 4500
=001  014930461
=003  Uk
=005  20220930160511.0
=006  m\\\\\\\\d\|\\\\\\
=007  cr||||||||||||
=008  090316c20099999enkfr\p\s\\\\\0\\\a0eng\\
=FMT  \\$a  SE
=022  0\$a2040-5243$202
=040  \\$aUk$beng$cUk
=042  \\$aissnuk
=082  04$a155$222
=222  \0$aISSBD bulletin$b(Online)
=245  00$aISSBD bulletin$h[electronic resource].
=246  3\$aInternational Society for the Study of Behavioural Development bulletin
=260  \\$aLondon :$bSAGE Publications
=310  \\$aSemiannual
=336  \\$atext$2rdacontent
=337  \\$acomputer$2rdamedia
=338  \\$aonline resource$2rdacarrier
=540  \\$aCurrent copyright fee: GBP32.82$c19\0$5Uk
=710  2\$aInternational Society for the Study of Behavioral Development.
=776  0\$tISSBD bulletin$x2040-5235
=780  00$tNewsletter (International Society for the Study of Behavioural Development bulletin)$c(Online)
=856  \\$31850-9999$uhttp://www.uk.sagepub.com/home.nav$xBLDSS
=856  4\$uhttp://www.issbd.org/Home.aspx
=945  \\$aISSBD bulletin.
=979  \\$aBritish Library$bDSC$j4583.975547N
=CAT  \\$a10806$b40$c20090316$lBLL01$h1354
=CAT  \\$a5552$b40$c20170425$lBLL01$h1354
=CAT  \\$aBLDSS-3PM$b00$c20170502$lBLL01$h1430
=CAT  \\$aBATCH-UPD$b00$c20170502$lBLL01$h1431
=CAT  \\$aBATCH-UPD$b00$c20170904$lBLL01$h1830
=CAT  \\$aIPL-CLA$c20170929$lBLL01$h1748
=CAT  \\$aBATCH-UPD$b00$c20180223$lBLL01$h1646
=CAT  \\$aIPL-CLA$c20180331$lBLL01$h1642
=CAT  \\$aBATCH-UPD$b00$c20180823$lBLL01$h1935
=CAT  \\$aIPL-CLA$c20180930$lBLL01$h1510
=CAT  \\$aBATCH-UPD$b00$c20190521$lBLL01$h1407
=CAT  \\$aIPL-CLA$c20190630$lBLL01$h1542
=CAT  \\$aBATCH-UPD$b00$c20190829$lBLL01$h1516
=CAT  \\$aIPL-CLA$c20190930$lBLL01$h1646
=CAT  \\$aBATCH-UPD$b00$c20200219$lBLL01$h1509
=CAT  \\$aIPL-CLA$c20200331$lBLL01$h1623
=CAT  \\$aBATCH-UPD$b00$c20200522$lBLL01$h1447
=CAT  \\$aIPL-CLA$c20200701$lBLL01$h0106
=CAT  \\$aBATCH-UPD$b00$c20210226$lBLL01$h1028
=CAT  \\$aIPL-CLA$c20210331$lBLL01$h1853
=CAT  \\$aBATCH-UPD$b00$c20210707$lBLL01$h1552
=CAT  \\$aIPL-CLA$c20210707$lBLL01$h1959
=CAT  \\$aBATCH-UPD$b00$c20220520$lBLL01$h1639
=CAT  \\$aIPL-CLA$c20220630$lBLL01$h1718
=CAT  \\$aBATCH-UPD$b00$c20220824$lBLL01$h0905
=CAT  \\$aIPL-CLA$c20220930$lBLL01$h1605
=CFI  0\$aCurrent copyright fee: GBP32.82$c19\0$e01-oct-2022$fGBP32.82$g0$hP$5Uk
=CFI  2\$aPrevious copyright fee: GBP31.50$c19\0$e01-jul-2022$fGBP31.50$g0$hP$5Uk
=FFP  \\$aY$bBLDSS-3PM
=FIN  \\$aY$d20100114
=LET  \0$aISSBD bulletin (Online)
=TCO  \\$aCLA$bCLA$c008
=UNO  \\$aY
=ACF  \\$aPrevious copyright fee: GBP20.00$c19\0$e25-apr-2017$fGBP20.00$g0$hP$5Uk
=ACF  \\$aPrevious copyright fee: GBP19.23$c19\0$e01-oct-2017$fGBP19.23$g0$hP$5Uk
=ACF  \\$aPrevious copyright fee: GBP25.71$c19\0$e01-apr-2018$fGBP25.71$g0$hP$5Uk
=ACF  \\$aPrevious copyright fee: GBP27.69$c19\0$e01-oct-2018$fGBP27.69$g0$hP$5Uk
=ACF  \\$aPrevious copyright fee: GBP29.08$c19\0$e01-jul-2019$fGBP29.08$g0$hP$5Uk
=ACF  \\$aPrevious copyright fee: GBP30.24$c19\0$e01-oct-2019$fGBP30.24$g0$hP$5Uk
=ACF  \\$aPrevious copyright fee: GBP30.29$c19\0$e01-apr-2020$fGBP30.29$g0$hP$5Uk
=ACF  \\$aPrevious copyright fee: GBP31.50$c19\0$e01-jul-2020$fGBP31.50$g0$hP$5Uk
=ACF  \\$aPrevious copyright fee: GBP29.17$c19\0$e01-apr-2021$fGBP29.17$g0$hP$5Uk
=ACF  \\$aPrevious copyright fee: GBP28.13$c19\0$e07-jul-2021$fGBP28.13$g0$hP$5Uk
=LAS  \\$aIPL-CLA$b00$c20220930$lBLL01$h1605

