=LDR  01370cas a22004097i 4500
=001  020828597
=003  Uk
=005  20230927022505.0
=006  m\\\\\\\\d\|\\\\\\
=007  cr||||||||||||
=008  221202c20229999enk\x\p\o\\\\\0\\\a0eng\\
=FMT  \\$a  SE
=022  0\$a2731-4243$202
=040  \\$aUk$beng$cUk$erda
=042  \\$aissnuk
=210  0\$anpj biodivers.
=222  \0$anpj biodiversity
=245  00$anpj biodiversity.
=264  \1$aLondon :$bNature Portfolio
=336  \\$atext$2rdacontent
=337  \\$acomputer$2rdamedia
=338  \\$aonline resource$2rdacarrier
=540  \\$aCurrent copyright fee: zero$c16\0$5Uk
=588  \\$aISSN description based on: 1:1 (2022) ; title from article PDF (publisher's website, viewed December 2, 2022).
=856  \\$31850-9999$uhttp://www.nature.com/$xBLDSS
=856  40$uhttps://www.nature.com/npjbiodivers/
=979  \\$aBritish Library$bDSC$j6180.500100N
=CAT  \\$a10973$b40$c20221202$lBLL01$h1303
=CAT  \\$a12654$b40$c20230922$lBLL01$h0953
=CAT  \\$aBLDSS-3PM$b00$c20230925$lBLL01$h1444
=CAT  \\$aBATCH-UPD$b00$c20230925$lBLL01$h1445
=CAT  \\$aBATCH-UNOA$c20230927$lBLL01$h0225
=CFI  0\$aCurrent copyright fee: zero$c16\0$e22-sep-2023$fGBP0.00$g0$hP$5Uk
=FFP  \\$aY$bBLDSS-3PM
=FIN  \\$aY$d20221202
=UNO  \\$aY
=LAS  \\$aBATCH-UNOA$b00$c20230927$lBLL01$h0225

