=LDR  02868 as a2200649 a 4500
=001  016874694
=003  Uk
=005  20170220141959.0
=006  m\\\\\o\\d\\\\\\\\
=007  cr\mnu||||||||
=008  021104c20019999ne\tx\pso\\\\\0\\\a0eng\c
=FMT  \\$a  SE
=010  \\$a  2006242104
=022  \\$a1570-0704$y1568-4857
=035  \\$a(OCoLC)50924627
=040  \\$aF#A$beng$cF#A$dOCLCQ$dMYG$dOCLCQ$dMUQ$dMYG$dOCLCQ$dOCLCF$dUk
=042  \\$aukblsr
=050  \4$aBM1
=082  04$a296.18$223
=130  0\$aReview of rabbinic Judaism (Online)
=222  \4$aThe Review of Rabbinic Judaism$b(Online)
=245  14$aThe review of rabbinic Judaism$h[electronic resource].
=260  \\$a[Leiden, the Netherlands] :$bBrill Academic Publisher
=310  \\$aThree issues yearly
=336  \\$atext$2rdacontent
=337  \\$acomputer$2rdamedia
=338  \\$aonline resource$2rdacarrier
=362  1\$aPrint began with vol. 4, no. 1, published in 2001.
=530  \\$aAlso issued in print.
=538  \\$aMode of access: World Wide Web.
=588  \\$aDescription based on: Vol. 5, no. 1 (2002); title from journal information screen (viewed Nov. 1, 2002).
=588  \\$aLatest issue consulted: Vol. 9, no. 1 (2006) (IngentaConnect, viewed Aug. 9, 2006).
=540  \\$aCurrent Copyright Fee: GBP22.00$c74\0$5Uk
=650  \0$aJewish law$vPeriodicals.
=650  \0$aJudaism$xHistory$vPeriodicals.
=650  \0$aRabbinical literature$vPeriodicals.
=776  1\$tReview of rabbinic Judaism$x1568-4857
=780  00$tAnnual of Rabbinic Judaism (Online)$x2213-6436
=856  \\$31850-9999$uhttp://booksandjournals.brillonline.com/$xBLDSS
=856  4\$uhttp://firstsearch.oclc.org$zAddress for accessing the journal using authorization number and password through OCLC FirstSearch Electronic Collections Online
=856  4\$uhttp://firstsearch.oclc.org/journal=1568-4857;screen=info;ECOIP$zAddress for accessing the journal from an authorized IP address through OCLC FirstSearch Electronic Collections Online
=856  40$3Vol. 4$uhttp://www.ingentaconnect.com/content/brill/rbj
=856  40$3Vol. 5-present$uhttp://openurl.ingenta.com/content?genre=journal&issn=1570-0704
=945  \\$aReview of Rabbinic Judaism.
=979  \\$aBritish Library$bDSC$j7794.184900N
=CAT  \\$a8201$b40$c20140925$lBLL01$h1530
=CAT  \\$aBATCH-CLA$b00$c20141128$lBLL01$h0929
=CAT  \\$aIPL-CLA$c20141231$lBLL01$h1705
=CAT  \\$a5552$b40$c20170220$lBLL01$h1419
=CAT  \\$aBLDSS-3PM$b00$c20170227$lBLL01$h1453
=CAT  \\$aBATCH-UPD$b00$c20170227$lBLL01$h1454
=CFI  0\$aCurrent copyright fee: GBP22.00$c74\0$e03-feb-2015$fGBP22.00$g0$hP$5Uk
=CFI  2\$aPrevious Copyright Fee: GBP12.30$c0$e01-jan-2015$fGBP12.30$g0$hC$5Uk
=FFP  \\$aY$bBLDSS-3PM
=SID  \\$aZ39$bOCLC
=UNO  \\$aY
=LAS  \\$aBATCH-UPD$b00$c20170227$lBLL01$h1454

