=LDR  06408cas a2201297 a 4500
=001  011453348
=003  Uk
=005  20230930080528.0
=006  m\\\\fo\\d\\\\\\\\
=007  cr\|||||||||||
=008  971110d19072011enkbx\pss\\\\\0\\\a0eng\d
=FMT  \\$a  SE
=022  0\$a1364-8594$y0003-4983$202
=035  \\$a(OCoLC)37914859$z(OCoLC)225095629$z(OCoLC)565385499$z(OCoLC)604225922
=040  \\$aF#A$beng$cF#A$dOCL$dEYM$dOCLCQ$dYUS$dOCLCQ$dOCLCE$dAU@$dTXA$dDLC$dUk
=042  \\$aissnuk$aukblsr
=060  \4$aW1 AN627P
=060  \4$aW1$bAN627P
=070  \\$a448.9$bL75A
=082  04$a616.988305$223
=130  0\$aAnnals of tropical medicine and parasitology (Online)
=210  0\$aAnn. trop. med. parasitol.$b(Online)
=222  \0$aAnnals of tropical medicine and parasitology$b(Online)
=245  10$aAnnals of tropical medicine & parasitology$h[electronic resource].
=246  3\$aAnnals of tropical medicine and parasitology
=260  \\$aLondon ;$aOrlando [etc.] :$bAcademic Press [etc.]
=260  2\$31994-1996$aLondon :$bW. B. Saunders
=260  2\$31997-2001$aLondon :$bCarfax
=260  3\$32002-2011$aLondon :$bManey
=310  \\$aEight issues a year,$b1997-2011
=321  \\$aIrregular,$b1907-
=321  \\$aFour issues a year,$b<1946>-1977
=321  \\$aBimonthly,$b1978-1996
=336  \\$atext$2rdacontent
=337  \\$acomputer$2rdamedia
=338  \\$aonline resource$2rdacarrier
=362  1\$aPrint began with: Vol. 1, no. 1 (Feb. 1907); ceased with: Vol. 105, no. 8 (Dec. 2011).
=362  0\$a-v. 105, no. 8 (2011).
=506  \\$2star$3Use copy$5MiAaHDL$fRestrictions unspecified.
=515  \\$aSome numbers issued in combined form.
=520  \\$a"Liverpool School of Tropical Medicine. Scientific record; compiled by Dorothy Allmand" (a history of the school and of its activities): v. 15, 1921, p. [1]-47.
=525  \\$aSupplements accompany some issues.
=533  \\$aElectronic reproduction.$b[S.l.] :$cHathiTrust Digital Library,$d2010.$5MiAaHDL
=538  \\$aMaster and use copy. Digital master created according to Benchmark for Faithful Digital Reproductions of Monographs and Serials, Version 1. Digital Library Federation, December 2002.$uhttp://purl.oclc.org/DLF/benchrepro0212$5MiAaHDL
=550  \\$aIssued by the Liverpool School of Tropical Medicine, <1997-Mar. 2010>.
=583  1\$adigitized$c2010$hHathiTrust Digital Library$lcommitted to preserve$5MiAaHDL$2pda
=588  \\$aDescription based on: Vol. 91, no. 1 (1997); title from journal information screen (EBSCOhost, viewed Nov. 9, 1997).
=588  \\$aLast issue consulted: Vol. 105, no. 8 (Dec. 2011) (IngentaConnect, viewed June 26, 2012).
=540  \\$aCurrent copyright fee: GBP43.00$c2\0$5Uk
=650  \0$aTropical medicine$vPeriodicals.
=650  \0$aMedical parasitology$vPeriodicals.
=650  \0$aParasitic diseases$vPeriodicals.
=710  2\$aLiverpool School of Tropical Medicine.
=776  08$iPrint version:$tAnnals of tropical medicine & parasitology$x0003-4983
=780  00$aLiverpool School of Tropical Medicine.$tMemoir
=785  00$tPathogens and global health (Online)$x2047-7732
=856  \\$31850-9999$uhttp://maneypublishing.com/$xBLDSS
=856  40$3Full text available: Jan 1997-. (Due to publisher restrictions, the most recent 12 months are not available.)$uhttp://search.ebscohost.com/direct.asp?db=byh&jid=%2257G%22&scope=site
=856  40$3HathiTrust Digital Library$uhttp://catalog.hathitrust.org/api/volumes/oclc/1481415.html
=856  40$uhttp://maney.co.uk/index.php/journals/atm
=856  40$uhttp://texasamcolstattx.library.ingentaconnect.com/content/maney/atmp
=856  40$uhttp://web.ebscohost.com/ehost/
=856  40$uhttp://www.ingentaconnect.com/content/routledg/catm
=945  \\$aAnnals of tropical medicine and parasitology.
=979  \\$aBritish Library$bDSC$j1045.000000
=985  \\$aejournals project 2012
=CAT  \\$aCONV$b00$c20040425$lBLL90$h0849
=CAT  \\$aBATCH$b00$c20100401$lBLL01$h0520
=CAT  \\$aBATCH$b00$c20100401$lBLL01$h1547
=CAT  \\$a5552$b40$c20120402$lBLL01$h1103
=CAT  \\$aIPL-CLA$c20120629$lBLL01$h1021
=CAT  \\$a10806$b40$c20120703$lBLL01$h1037
=CAT  \\$a10806$b40$c20120703$lBLL01$h1038
=CAT  \\$a10806$b40$c20120703$lBLL01$h1434
=CAT  \\$a10806$b40$c20120703$lBLL01$h1554
=CAT  \\$a8323$b40$c20121114$lBLL01$h1105
=CAT  \\$aBLDSS-3PM$b00$c20141208$lBLL01$h1623
=CAT  \\$aBATCH-UPD$b00$c20151119$lBLL01$h1602
=CAT  \\$aIPL-CLA$c20151231$lBLL01$h1915
=CAT  \\$aBATCH-UPD$b00$c20160413$lBLL01$h1813
=CAT  \\$a5552$b40$c20161024$lBLL01$h0922
=CAT  \\$aBATCH-UPD$b40$c20161122$lBLL01$h1542
=CAT  \\$aIPL-CLA$c20161230$lBLL01$h2020
=CAT  \\$a5552$b40$c20190111$lBLL01$h1145
=CAT  \\$aBATCH-UPD$b40$c20191122$lBLL01$h1917
=CAT  \\$aIPL-CLA$c20191231$lBLL01$h1852
=CAT  \\$aBATCH-UPD$b00$c20201118$lBLL01$h1351
=CAT  \\$aIPL-CLA$c20201231$lBLL01$h1526
=CAT  \\$aBATCH-UPD$b00$c20221121$lBLL01$h1426
=CAT  \\$aIPL-CLA$c20221231$lBLL01$h1441
=CAT  \\$aR2308-1440$c20230824$lBLL01$h0927
=CAT  \\$aIPL-CLA$c20230930$lBLL01$h0805
=CFI  0\$aCurrent copyright fee: GBP43.00$c2\0$e01-oct-2023$fGBP43.00$g0$hP$5Uk
=CFI  2\$aPrevious copyright fee: GBP43.00$c47\0$e01-jan-2023$fGBP43.00$g0$hP$5Uk
=FFP  \\$aY$bBLDSS-3PM
=FIN  \\$aY
=LEO  \\$aMP22.0000051618
=LKR  \\$aPAR$b008631607$lBLL01$nAnnals of tropical medicine & parasitology (Print)$mAnnals of tropical medicine & parasitology (Online)$r776
=MNI  \\$a0003-4983
=SID  \\$aZ39$bOCLC
=SRC  \\$aISN01$bbibmp22.200404.2.aa
=TCO  \\$aCLA$bCLA$c008
=TOC  \\$aETOC
=ACF  \\$aPrevious Copyright Fee: GBP18.00$c47\0$e01-apr-2010$fGBP18.00$g0$hP$5Uk
=ACF  \\$aPrevious copyright fee: GBP25.00$c47\0$e01-jul-2012$fGBP25.00$g0$hP$5Uk
=ACF  \\$aPrevious copyright fee: GBP28.00$c47\0$e01-jan-2017$fGBP28.00$g0$hP$5Uk
=ACF  \\$aPrevious copyright fee: GBP26.00$c47\0$e01-jan-2016$fGBP26.00$g0$hP$5Uk
=ACF  \\$aPrevious copyright fee: GBP37.00$c47\0$e11-jan-2019$fGBP37.00$g0$hP$5Uk
=ACF  \\$aPrevious copyright fee: GBP39.00$c47\0$e01-jan-2020$fGBP39.00$g0$hP$5Uk
=ACF  \\$aPrevious copyright fee: GBP41.00$c47\0$e01-jan-2021$fGBP41.00$g0$hP$5Uk
=LAS  \\$aIPL-CLA$b00$c20230930$lBLL01$h0805

