=LDR  03207cas a2200769 a 4500
=001  016874900
=003  Uk
=005  20230424115624.0
=006  m\\\\fo\\d\\\\\\\\
=007  cr\|||||||||||
=008  021015c20019999enkqr\p\o\\\\\0\\\a0eng\c
=FMT  \\$a  SE
=010  \\$a  2007242017
=019  \\$a857989386
=022  \\$a2212-3857$l1568-4849$y1568-5314$y1568-4849$2j
=035  \\$a(OCoLC)50779604$z(OCoLC)857989386
=040  \\$aHUA$beng$cHUA$dOCLCQ$dDLC$dOCLCQ$dMYG$dMUQ$dGUA$dTXA$dNUI$dOCLCQ$dSERSO$dOCLCF$dEYM$dUk
=042  \\$aukblsr
=043  \\$aa------
=050  14$aHN651$b.S59
=082  04$a300.5$223
=130  0\$aAsian journal of social science (Online)
=222  \0$aAsian journal of social science$b(Online)
=245  10$aAsian journal of social science$h[electronic resource].
=260  \\$aLeiden :$bBrill ;$aBoston
=264  31$32021-$a[Oxford] :$bElsevier Ltd
=310  \\$aQuarterly,$b2021-
=321  \\$aSix issues a year,$b2008-2020
=321  \\$aThree issues a year,$b2001-2007
=336  \\$atext$2rdacontent
=337  \\$acomputer$2rdamedia
=338  \\$aonline resource$2rdacarrier
=362  1\$aBegan with: Vol. 29, no. 1 (2001).
=538  \\$aMode of access: World Wide Web.
=540  \\$aCurrent copyright fee: GBP22.00$c74\0$5Uk
=588  \\$aDescription based on: Vol. 30, no. 1 (2002); title from table of contents page (IngentaConnect, viewed Feb. 22, 2007).
=588  \\$aLatest issue consulted: volume 51, issue 1 (March 2023) (ScienceDirect, viewed April 24, 2023).
=650  \0$aSocial sciences$vPeriodicals.
=650  \0$aSociology$vPeriodicals.
=651  \0$aAsia$vPeriodicals.
=776  08$iPrint version:$tAsian journal of social science$x1568-4849
=780  00$tSoutheast Asian journal of social science (Online)$x1568-5314
=856  \\$31850-9999$uhttp://booksandjournals.brillonline.com/$xBLDSS
=856  40$3HathiTrust Digital Library$uhttp://catalog.hathitrust.org/api/volumes/oclc/47210845.html
=856  40$uhttp://openurl.ingenta.com/content?genre=journal&issn=1568-5314
=856  40$uhttp://www.jstor.org/action/showPublication?journalCode=asiajsociscie
=856  42$uhttp://web.ebscohost.com
=856  40$uhttps://www.sciencedirect.com/journal/asian-journal-of-social-science
=979  \\$aBritish Library$bDSC$j1742.576500N
=CAT  \\$a8201$b40$c20140926$lBLL01$h1134
=CAT  \\$a12654$b40$c20210719$lBLL01$h0812
=CAT  \\$a12654$b40$c20210719$lBLL01$h0813
=CAT  \\$aBATCH-UNOA$c20210721$lBLL01$h0018
=CAT  \\$a12654$b40$c20210726$lBLL01$h1444
=CAT  \\$aBLDSS-3PM$b00$c20210728$lBLL01$h1451
=CAT  \\$aBATCH-UPD$b00$c20210728$lBLL01$h1451
=CAT  \\$a10973$b40$c20230424$lBLL01$h1145
=CAT  \\$a10973$b40$c20230424$lBLL01$h1145
=CAT  \\$a10973$b40$c20230424$lBLL01$h1148
=CAT  \\$a10973$b40$c20230424$lBLL01$h1156
=CFI  0\$aCurrent copyright fee: GBP22.00$c74\0$e19-jul-2021$fGBP22.00$g0$hP$5Uk
=FFP  \\$aY$bBLDSS-3PM
=FIN  \\$aY
=LKR  \\$aPAR$b010468522$lBLL01$r776$mAsian journal of social science (Online)$nAsian journal of social science
=SID  \\$aZ39$bOCLC
=UNO  \\$aY
=LAS  \\$a10973$b40$c20230424$lBLL01$h1156

