=LDR  03249 as a2200793 a 4500
=001  015658052
=003  Uk
=005  20150317132833.0
=006  m\\\\\o\\d\\\\\\\\
=007  cr\|n|||||||||
=008  091020c20099999ne\qr\p\o\\\\\0\\\a0eng\c
=010  \\$a  2009242350
=022  \\$a1875-4112$y1875-4104
=035  \\$a(OCoLC)457179610
=040  \\$aMYG$beng$cMYG$dHEBIS$dTEF$dOCLCQ$dOCLCF$dDOS$dUk
=042  \\$aukblsr
=050  \4$aJX1981.P7
=050  \4$aKZ6360$b.I58
=082  04$a355.357$223
=222  \0$aJournal of international peacekeeping$b(Online)
=245  00$aJournal of international peacekeeping$h[electronic resource].
=246  13$aJOUP
=246  1\$aJ. Int'l Peacekeeping
=260  \\$aLeiden :$bBrill,$c2009-
=310  \\$aQuarterly
=336  \\$atext$btxt$2rdacontent
=337  \\$acomputer$bc$2rdamedia
=338  \\$aonline resource$bcr$2rdacarrier
=362  1\$aBegan with: Vol. 13, no. 1/2 (Jan. 2009).
=540  \\$aCurrent copyright fee: GBP22.00$c0$5Uk
=588  \\$aDescription based on: Vol. 13, no. 1/2 (Jan. 2009); title from journal contents page (IngentaConnect, viewed Oct. 20, 2009).
=588  \\$aLatest issue consulted: Vol. 15, no. 3/4 (2011) (HeinOnline, viewed June 5, 2014).
=590  \\$aRoute ALL FAILED DSC requests to Records Team
=650  \0$aPeacekeeping forces$vPeriodicals.
=650  \0$aSecurity, International$vPeriodicals.
=776  08$iPrint version:$tJournal of international peacekeeping$x1875-4104
=780  00$tInternational peacekeeping (Hingham, Mass. : Online)$x2212-6554
=856  \\$31850-9999$uhttp://www.brill.com/$xBLDSS
=856  40$3HeinOnline$uhttp://www.heinonline.org/HOL/Index?index=intyb/inpeace&collection=intyb
=856  40$uhttp://openurl.ingenta.com/content?genre=journal&issn=1875-4104
=856  40$uhttp://www.brill.com/journal-international-peacekeeping
=945  \\$aJournal of international peacekeeping
=979  \\$aBritish Library$bDSC$j5007.679700N
=ACF  \\$aPrevious copyright fee: GBP10.50$c0$e01-jan-2011$fGBP10.50$g0$hA$5Uk
=ACF  \\$aPrevious copyright fee: GBP9.00$c0$e27-sep-2010$fGBP9.00$g0$hA$5Uk
=CAT  \\$a9729$b40$c20100927$lBLL01$h1617
=CAT  \\$aBATCH-UPD$b40$c20101124$lBLL01$h1955
=CAT  \\$aBATCH-UPD$b40$c20101125$lBLL01$h1220
=CAT  \\$aIPL-CLA$c20101231$lBLL01$h1529
=CAT  \\$aWR11_203$c20111204$lBLL01$h1516
=CAT  \\$aIPL-CLA$c20111230$lBLL01$h2036
=CAT  \\$a8439$b40$c20121105$lBLL01$h0916
=CAT  \\$aBATCH-CLA$b00$c20121109$lBLL01$h1720
=CAT  \\$a8201$b40$c20140930$lBLL01$h1618
=CAT  \\$aBLDSS-3PM$b00$c20150131$lBLL01$h2314
=CAT  \\$a8874$b40$c20150317$lBLL01$h1328
=CAT  \\$aBATCH-UPD$b40$c20160413$lBLL01$h1825
=CAT  \\$aBATCH-UPD$b40$c20160413$lBLL01$h2105
=CAT  \\$aBATCH-UPD$b40$c20160524$lBLL01$h2301
=CAT  \\$aBATCH-UPD$b40$c20160525$lBLL01$h0654
=CFI  0\$aCurrent copyright fee: GBP22.00$c74\0$e05-nov-2012$fGBP22.00$g0$hP$5Uk
=CFI  2\$aPrevious copyright fee: GBP12.00$c0$e01-jan-2012$fGBP12.00$g0$hA$5Uk
=FFP  \\$aY$bBLDSS-3PM
=FMT  \\$a  SE
=LAS  \\$aBATCH-UPD$b40$c20160525$lBLL01$h0654
=SID  \\$aZ39$bOCLC
=TCO  \\$aZZZ$c008
=TOC  \\$aETOC
=UNO  \\$aY

