=LDR  04239 as a2201009 a 4500
=001  011738616
=003  Uk
=005  20161208145427.0
=006  m\\\\\o\\d\\\\\\\\
=007  cr||||||||||||
=008  110313d19601971au\qx\p\o\\\\\0\\\b0ger\d
=FMT  \\$a  SE
=019  c\$a2045399
=022  \\$y0007-7216
=035  \\$a(OCoLC)707051751
=040  \\$aOCLCE$beng$cOCLCE$dOCLCQ$dOCLCF$dOCLCO$dUk
=043  \\$ama-----$aaw-----
=050  \4$aDS36$b.B87
=082  04$a297$223
=084  \\$a11.80$2bcl
=245  00$aBustan$h[electronic resource].
=260  \\$aWien :$bHammer-Purgstall-Gesellschaft
=310  \\$aFour no. a year
=336  \\$atext$2rdacontent
=337  \\$acomputer$2rdamedia
=338  \\$aonline resource$2rdacarrier
=362  0\$a1960-1971.
=540  \\$aCurrent copyright fee: GBP22.00$c74\0$5Uk
=500  \\$a"Österreichische Zeitschrift für Kultur, Politik und Wirtschaft der islamischen Länder."
=588  \\$aDescription based on print version record.
=651  \0$aArab countries.
=651  \0$aMiddle East$vPeriodicals.
=856  \\$31850-9999$uhttp://www.brill.com/$xBLDSS
=856  40$3Google, JAHRG.10:HEFT 1 1969$uhttp://books.google.com/books?id=jLhBAQAAIAAJ
=856  40$3Google, JAHRG.10:HEFT 4 1969$uhttp://books.google.com/books?id=JbhBAQAAIAAJ
=856  40$3Google, JAHRG.11/12:HEFT 4/1 1970/1971$uhttp://books.google.com/books?id=WrhBAQAAIAAJ
=856  40$3Google, JAHRG.11:HEFT 2/3 1970$uhttp://books.google.com/books?id=frhBAQAAIAAJ
=856  40$3Google, JAHRG.2:HEFT 1 1961$uhttp://books.google.com/books?id=HTpMAQAAIAAJ
=856  40$3Google, JAHRG.5:HEFT 2 1964$uhttp://books.google.com/books?id=RrhBAQAAIAAJ
=856  40$3Google, JAHRG.9:HEFT 1 1968$uhttp://books.google.com/books?id=WbhBAQAAIAAJ
=856  40$3Google, JAHRG.9:HEFT 2 1968$uhttp://books.google.com/books?id=OLhBAQAAIAAJ
=945  \\$aBUSTAN -WIEN-.
=963  \\$aJG. 1, 1960- 12, 1971 *A=1$bN$cT636.B.11
=979  \\$aBritish Library$bDSC$j2934.982000N
=A02  \\$a2045399
=CAT  \\$aCONV$b00$c20040425$lBLL90$h0700
=CAT  \\$aBATCH-UPD$b00$c20080225$lBLL01$h2250
=CAT  \\$aBATCH-UPD$b00$c20080330$lBLL01$h0637
=CAT  \\$aBATCH-UPD$b00$c20080330$lBLL01$h1450
=CAT  \\$aBATCH$b00$c20080330$lBLL01$h2200
=CAT  \\$aBATCH$b00$c20091210$lBLL01$h0606
=CAT  \\$aBATCH$b00$c20091214$lBLL01$h0816
=CAT  \\$aBATCH-UPD$b00$c20100226$lBLL01$h0103
=CAT  \\$aBATCH-UPD$b00$c20100331$lBLL01$h2255
=CAT  \\$aBATCH-UPD$b00$c20100401$lBLL01$h0222
=CAT  \\$aBATCH$b00$c20100401$lBLL01$h0523
=CAT  \\$aBATCH$b00$c20100401$lBLL01$h1551
=CAT  \\$aBATCH-UPD$b00$c20101124$lBLL01$h1917
=CAT  \\$aBATCH-UPD$b00$c20101125$lBLL01$h1142
=CAT  \\$aIPL-CLA$c20101231$lBLL01$h1429
=CAT  \\$aWR11_203$c20111204$lBLL01$h1439
=CAT  \\$aIPL-CLA$c20111230$lBLL01$h1934
=CAT  \\$a8439$b40$c20121106$lBLL01$h1350
=CAT  \\$aBATCH-CLA$b00$c20121108$lBLL01$h1734
=CAT  \\$aWR13.005$c20130323$lBLL01$h1202
=CAT  \\$a8201$b40$c20140926$lBLL01$h1530
=CAT  \\$aBLDSS-3PM$b00$c20150131$lBLL01$h2312
=CAT  \\$aBATCH-UPD$b00$c20160413$lBLL01$h1813
=CAT  \\$aBATCH-UPD$b00$c20160524$lBLL01$h2300
=CAT  \\$aBATCH-UPD$b00$c20160525$lBLL01$h0651
=CAT  \\$a5410$b40$c20161208$lBLL01$h1454
=CFI  0\$aCurrent copyright fee: GBP22.00$c74\0$e06-nov-2012$fGBP22.00$g0$hP$5Uk
=CFI  2\$aPrevious copyright fee: GBP12.00$c0$e01-jan-2012$fGBP12.00$g0$hA$5Uk
=FFP  \\$aY$bBLDSS-3PM
=FIN  \\$aY
=LEO  \\$aMP10.0000126779
=SID  \\$aZ39$bOCLC
=SRC  \\$aDSS01$bbibmp10.200404.2.aa
=TCO  \\$aZZZ$c008
=UNO  \\$aY
=ACF  \\$aPrevious copyright fee: GBP10.50$c0$e01-jan-2011$fGBP10.50$g0$hA$5Uk
=ACF  \\$aPrevious copyright fee: GBP9.00$c0$e01-apr-2010$fGBP9.00$g0$hA$5Uk
=ACF  \\$aPrevious copyright fee: GBP6.00$c0$e01-apr-2008$fGBP6.00$g0$hA$5Uk
=ACF  \\$aPrevious copyright fee: GBP5.00$c0$e01-jul-2002$fGBP5.00$g0$hA$5Uk
=ACF  \\$aCurrent copyright fee: GBP4.40$c0$e01-jul-1998$fGBP4.40$g0$hA$5Uk
=ACF  \\$aCurrent copyright fee: GBP4.20$c0$e01-apr-1997$fGBP4.20$g0$hA$5Uk
=LAS  \\$a5410$b40$c20161208$lBLL01$h1454

