=LDR  05266cas a2201189 a 4500
=001  005478150
=003  Uk
=005  20221231143124.0
=007  ta
=008  930330d19919999miuar\p\\\ao\\0\\\a0eng\c
=FMT  \\$a  SE
=010  \\$asn 93020170 
=019  c\$a2553773
=022  0\$a1091-3211$l1091-3211$21
=035  \\$a(OCoLC)27824658
=040  \\$aCOO$beng$cNST$dNSD$dOCLCQ$dDLC$dOCLCQ$dOCLCF$dOCLCO$dUK
=042  \\$ansdp
=043  \\$an-us---
=050  00$aTX909.A1$bJ68
=082  04$a338.436479$223
=210  0\$aJ. hosp. financ. manag.
=222  \4$aThe Journal of hospitality financial management
=245  04$aThe journal of hospitality financial management /$cAssociation of Hospitality Financial Management Educators.
=246  30$aHospitality financial management
=246  13$aJHFM
=260  \\$aUniversity Park, PA :$bAssociation of Hospitality Financial Management Educators,$c1991-
=300  \\$av. :$bill. ;$c28 cm.
=310  \\$aAnnual,$b<1997-2004>
=321  \\$aSemiannual,$bfall 1991-
=336  \\$atext$2rdacontent
=337  \\$aunmediated$2rdamedia
=338  \\$avolume$2rdacarrier
=362  0\$aVol. 1, no. 1 (fall 1991)-
=595  \\$aSEE CARD INDEX.
=500  \\$aIssues for <1997-2004> include abstracts of papers presented at the <1996-2003> Annual AHFME Research Symposium.
=500  \\$aTitle from cover.
=500  \\$aPublished in East Lansing, MI, <1997-2000>
=515  \\$aIssues for <1997-2004> lack season in chronological designation.
=530  \\$aRecent tables of contents and summaries available also online.
=588  \\$aLatest issue consulted: Vol. 12, no. 1 (2004).
=540  \\$aCurrent copyright fee: GBP37.00$c2\0$5Uk
=650  \0$aHospitality industry$zUnited States$xFinance$vPeriodicals.
=650  \7$aHospitality industry$xFinance.$2fast$0(OCoLC)fst00961138
=651  \7$aUnited States.$2fast$0(OCoLC)fst01204155
=655  \7$aPeriodicals.$2fast$0(OCoLC)fst01411641
=710  2\$aAssociation of Hospitality Financial Management Educators.
=711  2\$aAHFME Research Symposium.
=776  08$iAlso issued online as:$tJournal of hospitality financial management$x2152-2790
=856  \\$31850-9999$uhttp://www.tandfonline.com/$xBLDSS
=856  41$3Tables of contents and summaries$uhttp://intra.som.umass.edu/sheel/AHFME/JHFM/issues.html
=945  \\$aJOURNAL OF HOSPITALITY FINANCIAL MANAGEMENT.
=979  \\$aBritish Library$bDSC$j5003.403500N
=985  \\$aCorrected by BSS-generated file for WR# 10/166
=A02  \\$a2553773
=CAT  \\$aCONV$b00$c20040502$lBLL01$h1101
=CAT  \\$aWR13.005$c20130329$lBLL01$h1241
=CAT  \\$aBATCH-CLA$b00$c20131129$lBLL01$h1643
=CAT  \\$aIPL-CLA$c20131231$lBLL01$h1611
=CAT  \\$a8478$b40$c20140108$lBLL01$h1417
=CAT  \\$aBATCH-CLA$b00$c20141128$lBLL01$h0929
=CAT  \\$aIPL-CLA$c20141231$lBLL01$h1623
=CAT  \\$a5552$b40$c20150203$lBLL01$h1105
=CAT  \\$aBLDSS-3PM$b00$c20150513$lBLL01$h0806
=CAT  \\$aBATCH-UPD$b00$c20151119$lBLL01$h1536
=CAT  \\$aIPL-CLA$c20151231$lBLL01$h1839
=CAT  \\$aBATCH-UPD$b00$c20160413$lBLL01$h1759
=CAT  \\$a8483$b40$c20160602$lBLL01$h1012
=CAT  \\$aBATCH-UPD$b40$c20161122$lBLL01$h1507
=CAT  \\$aIPL-CLA$c20161230$lBLL01$h1515
=CAT  \\$aBATCH-UPD$b00$c20171121$lBLL01$h1641
=CAT  \\$aIPL-CLA$c20171231$lBLL01$h1105
=CAT  \\$aBATCH-UPD$b00$c20181217$lBLL01$h1633
=CAT  \\$aIPL-CLA$c20181231$lBLL01$h1519
=CAT  \\$aBATCH-UPD$b00$c20191122$lBLL01$h1856
=CAT  \\$aIPL-CLA$c20191231$lBLL01$h1525
=CAT  \\$aBATCH-UPD$b00$c20201118$lBLL01$h1329
=CAT  \\$aIPL-CLA$c20201231$lBLL01$h1517
=CAT  \\$a7764$b40$c20220110$lBLL01$h1205
=CAT  \\$aBATCH-UPD$b40$c20221121$lBLL01$h1341
=CAT  \\$aIPL-CLA$c20221231$lBLL01$h1431
=CFI  0\$aCurrent copyright fee: GBP37.00$c2\0$e01-jan-2023$fGBP37.00$g0$hP$5Uk
=CFI  2\$aPrevious copyright fee: GBP35.00$c2\0$e01-jan-2021$fGBP35.00$g0$hP$5Uk
=FFP  \\$aY$bBLDSS-3PM
=FIN  \\$aY
=LEO  \\$aMP10.0000322304
=SID  \\$aZ39$bOCLC
=SRC  \\$aDSS01$bbibmp10.200404.2.aa
=TCO  \\$aTRS$bCCC$c008
=TOC  \\$aETOC
=ACF  \\$aPrevious copyright fee: GBP5.00$c0$e01-oct-2002$fGBP5.00$g0$hC$5Uk
=ACF  \\$aPrevious copyright fee: GBP10.50$c0$e01-jan-2011$fGBP10.50$g0$hA$5Uk
=ACF  \\$aBritish Library not licensed to copy$c0$e07-sep-2011$hC$iTX$5Uk
=ACF  \\$aPrevious Copyright Fee: GBP25.00$c0$e01-jan-2013$fGBP25.00$g0$hC$5Uk
=ACF  \\$aPrevious Copyright Fee: GBP28.75$c0$e01-jan-2015$fGBP28.75$g0$hC$5Uk
=ACF  \\$aPrevious Copyright Fee: GBP27.60$c0$e01-jan-2014$fGBP27.60$g0$hC$5Uk
=ACF  \\$aPrevious Copyright Fee: GBP25.00$c2\0$e03-feb-2015$fGBP25.00$g0$hP$5Uk
=ACF  \\$aPrevious copyright fee: GBP26.00$c2\0$e01-jan-2016$fGBP26.00$g0$hP$5Uk
=ACF  \\$aPrevious copyright fee: GBP28.00$c2\0$e01-jan-2017$fGBP28.00$g0$hP$5Uk
=ACF  \\$aPrevious copyright fee: GBP30.00$c2\0$e01-jan-2018$fGBP30.00$g0$hP$5Uk
=ACF  \\$aPrevious copyright fee: GBP32.00$c2\0$e01-jan-2019$fGBP32.00$g0$hP$5Uk
=ACF  \\$aPrevious copyright fee: GBP34.00$c2\0$e01-jan-2020$fGBP34.00$g0$hP$5Uk
=LAS  \\$aIPL-CLA$b00$c20221231$lBLL01$h1431

