=LDR  03431cas a2200853 a 4500
=001  020223369
=003  Uk
=005  20220930161949.0
=006  m\\\\\o\\d\\\\\\\\
=007  cr\|||||||||||
=008  110808c19899999ii\qr\p\o\\\\\0\\\a0eng\c
=FMT  \\$a  SE
=010  \\$a  2012243394
=016  7\$a101562228$2DNLM
=022  0\$a2347-193X
=035  \\$a(OCoLC)745906882
=040  \\$aOH1$beng$cOH1$dOH1$dNLM$dOCLCF$dIUL$dOCLCQ$dCASUM$dOCLCO$dOCLCA$dUk
=041  0\$aeng$aita$beng
=042  \\$aukblsr
=050  \4$aRC681.A1$bJ6873
=060  10$aW1
=060  14$aWG 141.5.E2
=082  04$a616.1207543$223
=222  \0$aJournal of cardiovascular echography$b(Online)
=245  00$aJournal of cardiovascular echography.
=246  30$aCardiovascular echography
=260  \\$a[Amsterdam] :$bElsevier
=264  31$32013-$a[Mumbai] :$bWolters Kluwer - Medknow
=310  \\$aQuarterly
=336  \\$atext$btxt$2rdacontent
=337  \\$acomputer$bc$2rdamedia
=338  \\$aonline resource$bcr$2rdacarrier
=362  1\$aPrint began in 1989.
=546  \\$aArticles in English or Italian with abstracts in English.
=550  \\$aThe offical journal of the Italian Society of Cardiovascular Echography.
=588  \\$aDescription based on: Vol. 21, issue 1 (marzo 2011); title from title screen (OhioLINK, viewed Aug. 8, 2011).
=588  \\$aLatest issue consulted: volume 31, issue 1 (January/March 2021) (jcecho.org/ viewed June 14, 2021).
=540  \\$aCurrent copyright fee: GBP16.67$c111\0$5Uk
=650  \0$aEchocardiography$vPeriodicals.
=650  12$aEchocardiography.
=650  \7$aEchocardiography.$2fast$0(OCoLC)fst00901393
=655  \2$aPeriodical.
=655  \7$aPeriodicals.$2fast$0(OCoLC)fst01411641
=655  \4$aFulltext.
=655  \4$aInternet Resources.
=655  \4$aPeriodicals.
=776  08$iAlso issued in print as:$tJournal of cardiovascular echography$x2211-4122
=710  2\$aSocietà italiana di ecografia cardiovascolare,$eissuing body.
=856  \\$31850-9999$uhttp://www.medknow.com/$xBLDSS
=856  40$32013-$uhttps://www.jcecho.org/
=856  40$3issues to 2012$uhttp://www.sciencedirect.com/science/journal/22114122
=945  \\$aJournal of cardiovascular echography
=979  \\$aBritish Library$bDSC$j4954.865800N
=985  \\$aPrint issues not received as at 14/6/21, not linked to print record
=CAT  \\$a8124$b40$c20210614$lBLL01$h2111
=CAT  \\$a8055$b40$c20210615$lBLL01$h1109
=CAT  \\$a8124$b40$c20210616$lBLL01$h1641
=CAT  \\$aBLDSS-3PM$b00$c20210623$lBLL01$h1119
=CAT  \\$aBATCH-UPD$b00$c20210623$lBLL01$h1122
=CAT  \\$aBATCH-UPD$b00$c20210707$lBLL01$h1535
=CAT  \\$aIPL-CLA$c20210707$lBLL01$h2010
=CAT  \\$aBATCH-UPD$b00$c20220520$lBLL01$h1607
=CAT  \\$aIPL-CLA$c20220630$lBLL01$h1732
=CAT  \\$aBATCH-UPD$b00$c20220824$lBLL01$h0838
=CAT  \\$aIPL-CLA$c20220930$lBLL01$h1619
=CFI  0\$aCurrent copyright fee: GBP16.67$c111\0$e01-oct-2022$fGBP16.67$g0$hP$5Uk
=CFI  2\$aPrevious copyright fee: GBP16.00$c111\0$e01-jul-2022$fGBP16.00$g0$hP$5Uk
=FFP  \\$aY$bBLDSS-3PM
=FIN  \\$aY$d20210614
=MNI  \\$a2211-4122
=SID  \\$aZ39$bOCLC
=ACF  \\$aPrevious copyright fee: GBP14.81$c111\0$e15-jun-2021$fGBP14.81$g0$hP$5Uk
=ACF  \\$aPrevious copyright fee: GBP14.29$c111\0$e07-jul-2021$fGBP14.29$g0$hP$5Uk
=LAS  \\$aIPL-CLA$b00$c20220930$lBLL01$h1619

