=LDR  03961cas a22008777i 4500
=001  017028273
=003  Uk
=005  20220930161251.0
=006  m\\\\\\\\d\|\\\\\\
=007  cr\|||||||||||
=008  150127d19932000enkqr\p\o\\\\\0\\\a0eng\\
=FMT  \\$a  SE
=022  0\$a2058-3427$202
=040  \\$aUk$beng$cUk$erda
=042  \\$aissnuk
=082  04$a621.32$223
=210  0\$aInt. j. light. res. technol.$b(Online)
=222  \0$aInternational journal of lighting research and technology$b(Online)
=245  00$aInternational journal of lighting research and technology.
=246  17$aLighting research and technology
=260  \\$aLondon :$bChartered Institution of Building Services Engineers, Lighting Division,$cc1993-2000.
=264  31$a[London] :$bSage Publications
=310  \\$aQuarterly
=336  \\$atext$2rdacontent
=337  \\$acomputer$2rdamedia
=338  \\$aonline resource$2rdacarrier
=588  \\$aDescription based on print version record.
=588  \\$aLatest issue consulted: volume 32, number 4 (2000) (Sage Journals, viewed January 27, 2015).
=540  \\$aCurrent copyright fee: GBP36.32$c19\0$5Uk
=710  2\$aChartered Institution of Building Services Engineers.
=710  2\$aChartered Institution of Building Services Engineers.$bLighting Division.
=776  08$iAlso issued in print as:$tInternational journal of lighting research and technology$x1365-7828
=780  00$tLighting research & technology
=785  00$tLighting research & technology (2001)$x1477-0938
=856  \\$31850-9999$uhttp://www.uk.sagepub.com/home.nav$xBLDSS
=856  4\$3Issues displayed under previous title:$uhttp://lrt.sagepub.com/
=945  \\$aLighting research and technology.
=979  \\$aBritish Library$bDSC$j5214.500000
=985  \\$aISSN RECORD FOR DIGITAL REPRODUCTION.
=CAT  \\$a11316$b40$c20150127$lBLL01$h1447
=CAT  \\$a11313$b40$c20150220$lBLL01$h1144
=CAT  \\$a11313$b40$c20150420$lBLL01$h1405
=CAT  \\$a5552$b40$c20180910$lBLL01$h1630
=CAT  \\$aBLDSS-3PM$b00$c20180928$lBLL01$h0855
=CAT  \\$aBATCH-UPD$b00$c20180928$lBLL01$h0856
=CAT  \\$aIPL-CLA$c20180930$lBLL01$h1517
=CAT  \\$aBATCH-UPD$b00$c20190521$lBLL01$h1412
=CAT  \\$aIPL-CLA$c20190630$lBLL01$h1548
=CAT  \\$aBATCH-UPD$b00$c20190829$lBLL01$h1529
=CAT  \\$aIPL-CLA$c20190930$lBLL01$h1654
=CAT  \\$aBATCH-UPD$b00$c20200219$lBLL01$h1516
=CAT  \\$aIPL-CLA$c20200331$lBLL01$h1632
=CAT  \\$aBATCH-UPD$b00$c20200522$lBLL01$h1459
=CAT  \\$aIPL-CLA$c20200701$lBLL01$h0117
=CAT  \\$aBATCH-UPD$b00$c20210226$lBLL01$h1039
=CAT  \\$aIPL-CLA$c20210331$lBLL01$h1903
=CAT  \\$aBATCH-UPD$b00$c20210707$lBLL01$h1603
=CAT  \\$aIPL-CLA$c20210707$lBLL01$h2004
=CAT  \\$aBATCH-UPD$b00$c20220520$lBLL01$h1635
=CAT  \\$aIPL-CLA$c20220630$lBLL01$h1726
=CAT  \\$aBATCH-UPD$b00$c20220824$lBLL01$h0901
=CAT  \\$aIPL-CLA$c20220930$lBLL01$h1612
=CFI  0\$aCurrent copyright fee: GBP36.32$c19\0$e01-oct-2022$fGBP36.32$g0$hP$5Uk
=CFI  2\$aPrevious copyright fee: GBP34.86$c19\0$e01-jul-2022$fGBP34.86$g0$hP$5Uk
=FFP  \\$aY$bBLDSS-3PM
=FIN  \\$aY$d20150127
=UNO  \\$aY
=ACF  \\$aPrevious copyright fee: GBP28.57$c19\0$e01-apr-2018$fGBP28.57$g0$hP$5Uk
=ACF  \\$aPrevious copyright fee: GBP30.77$c19\0$e01-oct-2018$fGBP30.77$g0$hP$5Uk
=ACF  \\$aPrevious copyright fee: GBP32.31$c19\0$e01-jul-2019$fGBP32.31$g0$hP$5Uk
=ACF  \\$aPrevious copyright fee: GBP33.60$c19\0$e01-oct-2019$fGBP33.60$g0$hP$5Uk
=ACF  \\$aPrevious copyright fee: GBP33.52$c19\0$e01-apr-2020$fGBP33.52$g0$hP$5Uk
=ACF  \\$aPrevious copyright fee: GBP34.86$c19\0$e01-jul-2020$fGBP34.86$g0$hP$5Uk
=ACF  \\$aPrevious copyright fee: GBP32.28$c19\0$e01-apr-2021$fGBP32.28$g0$hP$5Uk
=ACF  \\$aPrevious copyright fee: GBP31.13$c19\0$e07-jul-2021$fGBP31.13$g0$hP$5Uk
=LAS  \\$aIPL-CLA$b00$c20220930$lBLL01$h1612

