=LDR  02560 as a2200661 a 4500
=001  016483935
=003  Uk
=005  20170112140944.0
=006  m\\\\\\\\d\\\\\\\\
=007  cr\|n|||||||||
=008  091019c20099999ilubr\p\o\\\\\0\\\a0eng\d
=FMT  \\$a  SE
=010  \\$a  2009203005
=022  \\$y2151-4143
=035  \\$a(OCoLC)872680234
=040  \\$aCNSPO$beng$cCNSPO$dUk
=082  04$a617.6$223
=130  0\$aMicro (Online)
=210  0\$aMicro$b(Hanover Park Ill.)
=222  \0$aMicro$b(Hanover Park, Ill.)
=245  10$aMicro$h[electronic resource].
=246  13$aMicro journal
=260  \\$aHanover Park, IL :$bQuintessence Pub. Co.
=310  \\$aSemiannual
=336  \\$atext$2rdacontent
=337  \\$acomputer$2rdamedia
=338  \\$aonline resource$2rdacarrier
=362  1\$aBegan with: Vol. 1 (2009).
=540  \\$aCurrent Copyright Fee: GBP20.00$c91\0$5Uk
=590  \\$aRoute ALL FAILED DSC requests to Records Team
=500  \\$a"The international journal of microdentistry."
=506  \\$aInternet access restricted to authorized users for educational purposes.
=515  \\$aVol. 1 (2009) also called: Inaugural issue.
=538  \\$aMode of access: World Wide Web.
=588  \\$aDescription based on: Vol. 1 (2009).
=650  \0$aDentistry$vPeriodicals.
=655  \0$aElectronic journals.
=776  08$iAlso issued in print as:$tMicro (Hanover Park, Ill.)$x2151-4143
=710  2\$aAcademy of Microscope Enhanced Dentistry.
=710  2\$aBrazilian Association of Operatory Microscopy.
=710  2\$aEuropean Society of Microscope Dentistry.
=710  2\$aJapan Association of Microscopic Dentistry.
=856  \\$31850-9999$uhttp://www.quintpub.co.uk/$xBLDSS
=856  40$3Full text available from Dentistry & Oral Sciences Source: 08/01/2009 to 08/31/2010$uhttp://libresources.sait.ab.ca/login?url=http://search.ebscohost.com/direct.asp?db=ddh&jid=B8MY&scope=site
=945  \\$aMicro -Hanover Park-
=979  \\$aBritish Library$bDSC$j5756.774200N
=CAT  \\$a5552$b40$c20130828$lBLL01$h0857
=CAT  \\$a8201$b40$c20141013$lBLL01$h1124
=CAT  \\$aBLDSS-3PM$b00$c20150131$lBLL01$h2315
=CAT  \\$aBATCH-UPD$b00$c20160413$lBLL01$h1826
=CAT  \\$aBATCH-UPD$b00$c20160524$lBLL01$h2301
=CAT  \\$aBATCH-UPD$b00$c20160525$lBLL01$h0655
=CAT  \\$a5410$b40$c20170112$lBLL01$h1409
=CFI  0\$aCurrent Copyright Fee: GBP20.00$c91\0$e27-aug-2013$fGBP20.00$g0$hP$5Uk
=FFP  \\$aY$bBLDSS-3PM
=SID  \\$aZ39$bOCLC
=UNO  \\$aY
=LAS  \\$a5410$b40$c20170112$lBLL01$h1409

