=LDR  02964cam a2200781 a 4500
=001  014017141
=003  Uk
=005  20211231172348.0
=008  070815s2007\\\\enka\\\\\b\\\\001\0\eng\\
=FMT  \\$a  BK
=010  \\$a  2007298428
=015  \\$aGBA778379$2bnb
=016  7\$a014017141$2Uk
=020  \\$a9780123705006 :$c£99.95
=020  \\$a0123705002 :$c£99.95
=035  \\$a(OCoLC)ocn157028004
=035  \\$a(OCoLC)157028004
=040  \\$aQLX$cQLX$dBAKER$dTJC$dDLC$dUk
=042  \\$aukblsr
=050  00$aQH645.5$b.C445 2007
=050  14$aQH585$b.M47 v.83
=082  04$a571.634$222
=245  00$aCell mechanics /$cedited by Yu-Li Wang, Dennis E. Discher.
=260  \\$aAmsterdam ;$aLondon :$bElsevier Academic Press,$cc2007.
=300  \\$axx, 608 p., [26] p. of plates :$bill. (some col.) ;$c24 cm.
=336  \\$atext$2rdacontent
=337  \\$aunmediated$2rdamedia
=338  \\$avolume$2rdacarrier
=490  1\$aMethods in cell biology ;$vv. 83
=504  \\$aIncludes bibliographical references and index.
=540  \\$aCurrent copyright fee: GBP34.30$c5\1$5Uk
=650  \0$aCells$xMechanical properties.
=650  \2$aBiomechanics.
=650  \2$aCellular Structures.
=650  \2$aMechanotransduction, Cellular.
=700  1\$aWang, Yu-li.
=700  1\$aDischer, Dennis E.$q(Dennis Edward).
=830  \0$aMethods in cell biology ;$vv. 83.
=856  \\$31850-9999$uhttp://www.elsevier.com/journals$xBLDSS
=856  42$3Publisher description$uhttp://www.loc.gov/catdir/enhancements/fy0742/2007298428-d.html
=CAT  \\$a12327$b40$c20070926$lBLL01$h1141
=CAT  \\$a9671$b40$c20071001$lBLL01$h0735
=CAT  \\$a9671$b40$c20071001$lBLL01$h0736
=CAT  \\$aBATCH$b00$c20091217$lBLL01$h0508
=CAT  \\$aBATCH$b00$c20100103$lBLL01$h1300
=CAT  \\$aBATCH-UPD$b00$c20101009$lBLL01$h0636
=CAT  \\$aBATCH-CLA$b00$c20130525$lBLL01$h1844
=CAT  \\$aBATCH-CLA$b00$c20130526$lBLL01$h1655
=CAT  \\$aBLDSS-3PM$b00$c20141222$lBLL01$h1717
=CAT  \\$aWR16_021$c20160618$lBLL01$h1811
=CAT  \\$aBATCH-UPD$b00$c20160618$lBLL01$h1912
=CAT  \\$aBATCH-UPD$b00$c20171121$lBLL01$h1748
=CAT  \\$aBATCH-UPD$b00$c20171122$lBLL01$h0011
=CAT  \\$aIPL-CLA$c20171231$lBLL01$h1715
=CAT  \\$aBATCH-UPD$b00$c20190521$lBLL01$h1440
=CAT  \\$aBATCH-CLA$b00$c20190522$lBLL01$h0225
=CAT  \\$aBATCH-CLA$b00$c20190522$lBLL01$h0241
=CAT  \\$aIPL-CLA$c20190630$lBLL01$h1538
=CAT  \\$aBATCH-UPD$b00$c20211119$lBLL01$h1557
=CAT  \\$aIPL-CLA$c20211231$lBLL01$h1723
=CFI  0\$aCurrent copyright fee: GBP34.30$c5\1$e01-jan-2022$fGBP34.30$g0$hP$5Uk
=CFI  2\$aPrevious copyright fee: GBP32.84$c5\1$e01-jul-2019$fGBP32.84$g0$hP$5Uk
=FFP  \\$aY$bBLDSS-3PM
=FIN  \\$aY$d20071001
=SRC  \\$aBLL02
=TCO  \\$aTRS$bCCC$c008
=ACF  \\$aPrevious copyright fee: GBP23.40$c5\1$e01-jan-2018$fGBP23.40$g0$hP$5Uk
=LAS  \\$aIPL-CLA$b00$c20211231$lBLL01$h1723

